2928 4316
90 695 271 852 Betis
315 778 534 848 antiquis
576 778 626 831 si
670 777 948 843 credimus,
1004 778 1195 831 Rector
1240 775 1578 841 Gravissime,
1631 793 1792 846 genus
1847 779 2111 832 humanum
2173 786 2383 847 quatuor
2439 786 2635 833 aetates

92 872 276 935 habuit,
311 889 514 938 quarum
549 871 650 922 alia
681 870 769 922 alii
812 869 1151 933 successerit,
1200 884 1364 936 neque
1407 872 1616 938 prorsus
1659 869 1829 940 inepta
1871 871 1967 922 suit
2013 887 2186 924 eorum
2232 870 2483 923 bominum
2527 870 2637 921 dis-

3 1018 6 1019 ι
92 963 311 1035 qnisitio,
346 955 432 1031 qui
465 962 628 1030 qualis
663 962 829 1014 futura
862 968 1007 1015 esset
1039 960 1290 1014 hominum
1323 960 1533 1029 posthac
1577 961 1882 1027 genitorum,
1926 963 2239 1031 investigare
2290 963 2458 1015 conati
2505 969 2638 1013 sunt.

90 1057 192 1108 Iam
226 1062 282 1106 ut
309 1054 450 1109 multi
468 1055 585 1107 olim
608 1055 930 1117 exstiterunt,
947 1053 1050 1121 ‘qui
1082 1053 1238 1104 variis
1273 1053 1439 1120 iisque
1472 1069 1574 1104 non
1597 1053 1797 1105 levibus
1831 1055 2140 1121 argumentis
2177 1055 2359 1107 confisi
2406 1055 2635 1107 omnibus

92 1148 355 1217 primorum
390 1146 642 1228 hominum
678 1146 946 1216 nepotibus
991 1146 1204 1198 ferream
1237 1151 1452 1198 aetatem
1485 1143 1838 1214 attribuerent,
1884 1146 2030 1199 cuius
2073 1147 2384 1210 sententiae,
2419 1147 2467 1197 si
2503 1162 2636 1198 nunc

44 1280 47 1281 ν
90 1239 345 1302 viverent,
390 1222 718 1306 gravissimas
763 1255 945 1290 causas
981 1238 1163 1290 afferre
1197 1243 1434 1306 possent,
1479 1252 1614 1288 nunc
1648 1241 1794 1298 sunt,
1839 1236 1924 1303 qui
1959 1254 2059 1289 non
2105 1238 2267 1290 minus
2311 1238 2638 1307 probabiliter

89 1347 416 1402 papyraceam
435 1338 649 1382 aetatem
685 1348 780 1381 nos
801 1330 1066 1396 ingressos
1102 1345 1224 1381 esse
1258 1327 1441 1407 dicant.
1492 1327 1612 1380 Nec
1642 1327 1913 1380 immerito.
1948 1329 2234 1381 scribuntur
2262 1330 2394 1382 enim
2427 1330 2636 1390 infinita,

91 1439 253 1491 neque
286 1423 387 1474 alia
420 1429 476 1473 ut
508 1422 712 1475 videtur
744 1422 811 1473 de
846 1438 1001 1474 causa
1034 1438 1176 1489 quam
1212 1427 1269 1471 ut
1301 1419 1520 1471 officinis
1556 1419 1839 1471 chartaceis
1874 1438 2000 1471 suus
2035 1421 2195 1472 honor
2228 1429 2329 1473 stet
2364 1430 2635 1488 quaestus-

91 1531 202 1583 que,
238 1520 291 1568 et
323 1514 473 1578 adsit,
509 1513 644 1583 quod
676 1515 820 1567 laxas
855 1513 1103 1567 scombris
1139 1512 1228 1565 det
1260 1512 1474 1565 tunicas.
1545 1511 1859 1581 Quapropter
1893 1513 1990 1577 Tu,
2024 1520 2105 1565 sat
2138 1511 2263 1577 scio,
2299 1515 2500 1566 multum
2537 1515 2633 1566 mi-

90 1593 309 1671 raberis,
356 1607 488 1675 quod
524 1625 646 1671 nos,
691 1608 871 1675 quibus
905 1608 1069 1659 Tuum
1106 1605 1171 1658 de
1205 1605 1345 1657 inani
1387 1604 1477 1673 illo
1522 1603 1692 1657 studio
1735 1603 1976 1657 indicium
2018 1605 2241 1674 prudens
2287 1613 2339 1658 et
2374 1608 2632 1660 subactum

90 1701 221 1753 bene
254 1699 324 1751 sit
354 1699 623 1768 cognitum,
655 1699 756 1760 hoc
788 1699 901 1768 ipso
936 1684 1215 1750 laetissimo
1255 1704 1308 1749 et
1340 1696 1768 1769 auspicatissimo,
1811 1696 1897 1764 qui
1930 1697 2050 1749 Tibi
2083 1698 2297 1761 affulsit,
2343 1698 2425 1751 die
2460 1706 2634 1767 gratu-

89 1791 225 1842 landi
260 1807 416 1844 causa
447 1791 637 1858 aliquot
667 1791 878 1860 paginas
912 1796 1187 1841 atramento
1221 1788 1547 1858 impressorio
1581 1788 1799 1840 infectas
1827 1789 1948 1841 Tibi
1981 1789 2180 1842 mittere
2214 1789 2268 1839 in
2302 1790 2515 1841 animum
2549 1791 2632 1841 in-

55 1863 336 1936 ‘duximus
403 1883 522 1936 Nec
557 1870 761 1935 multum
789 1881 961 1945 abfuit,
995 1878 1114 1949 quin
1148 1887 1302 1934 totum
1319 1881 1416 1953 boc
1451 1888 1675 1934 nostrum
1710 1880 1976 1938 consilinm
1996 1881 2347 1946 abiiceremus‚
2382 1882 2482 1934 nisi
2503 1883 2634 1936 aliae

88 1990 272 2025 causae
330 1973 629 2025 dubitationi
693 1981 897 2025 nostrae
952 1973 1287 2026 obstitissent.
1378 1972 1459 2024 Ac
1500 1972 1710 2040 primum
1753 1971 1954 2039 quidem
2011 1973 2324 2025 conveniens
2369 1974 2634 2026 videbatur

89 2064 236 2117 huius
270 2064 432 2134 ipsius
455 2063 562 2117 diei
593 2063 913 2127 solemnitati,
947 2063 1136 2131 aliquid
1157 2079 1396 2130 nugarum
1413 2062 1825 2132 philologicarum
1847 2063 2171 2133 interponere
2196 2081 2386 2146 easque
2406 2071 2633 2133 tanquam

89 2173 449 2226 mnemosynon
482 2156 709 2225 quamvis
742 2156 860 2208 leve
893 2156 1116 2220 laetitiae
1142 2160 1354 2208 nostrae
1387 2155 1439 2206 in
1474 2154 1690 2207 medium
1723 2156 1935 2219 afferre,
1980 2163 2086 2208 tum
2130 2174 2224 2208 nos
2260 2175 2359 2208 non
2395 2157 2634 2224 fugiebat,

88 2256 269 2316 quanto
302 2248 472 2302 studio
507 2250 588 2302 Tu
623 2245 824 2319 semper
857 2266 962 2301 rem
997 2248 1451 2318 programmaticam
1476 2248 1761 2301 scholarum
1806 2248 2019 2315 (licebit
2052 2250 2184 2302 enim
2232 2250 2308 2301 rei
2344 2267 2505 2303 novae
2541 2268 2634 2303 no-

89 2357 220 2392 vum·
237 2340 496 2411 imponere
529 2342 853 2407 vocabulum)
889 2340 1290 2411 prosequereris,
1342 2340 1488 2392 cuius
1523 2339 1681 2391 studii
1714 2341 1794 2392 Tu
1830 2340 2092 2393 admodum
2135 2358 2295 2410 nuper
2328 2343 2634 2394 luculentum

91 2432 370 2502 exemplum
405 2418 628 2496 edidisti,
662 2439 719 2484 ut
753 2449 853 2484 non
887 2432 1239 2500 dubitaremus*
1262 2439 1494 2500 quantum
1529 2432 1585 2483 in
1611 2432 1757 2484 nobis
1789 2440 1932 2485 esset
1965 2434 2265 2485 sententiam
2297 2435 2471 2496 Tuam,
2505 2452 2633 2501 quae

19 2569 24 2576 .
91 2541 120 2573 a
154 2520 291 2576 salso
325 2525 414 2576 illo
449 2523 547 2577 sed
581 2525 715 2591 quod
743 2524 900 2576 latine
933 2525 1025 2576 vix
1061 2525 1231 2594 possit
1274 2524 1487 2593 exprimi
1522 2524 1736 2576 dicterio
1771 2524 2025 2577 Friderici
2058 2525 2281 2592 Augusti
2316 2527 2497 2578 Wolfii
2532 2545 2632 2579 non

90 2615 289 2667 multum
324 2617 484 2679 abest,
519 2634 577 2670 re
611 2617 960 2687 comprobare·
999 2621 1266 2685 postremo,
1310 2616 1457 2684 isque
1491 2615 1638 2669 nobis
1673 2614 1768 2667 fuit
1800 2617 1952 2684 longe
1985 2617 2259 2669 acerrimus
2293 2617 2359 2668 ad
2401 2619 2631 2671 seriben-

91 2705 203 2758 dum
237 2707 484 2773 stimulus,
519 2726 704 2762 morem
739 2728 771 2761 a
805 2707 1074 2761 maioribus
1104 2707 1360 2771 traditum,
1395 2725 1494 2775 quo
1522 2708 1868 2761 solemnitates
1902 2708 2239 2762 scholasticae
2272 2721 2631 2779 programmate

89 2798 253 2867 aliquo
271 2801 356 2852 vel
378 2802 728 2871 epigrammate
749 2802 1081 2864 celebrantur,
1116 2800 1377 2868 negligere
1401 2801 1666 2864 noluimus,
1702 2818 1864 2868 eoque
1886 2802 2063 2864 minus,
2098 2820 2194 2868 quo
2215 2803 2373 2869 magis
2396 2804 2473 2855 Te
2493 2813 2629 2855 stre-

88 2907 234 2942 nuum
288 2909 408 2945 csse
463 2891 717 2952 vindicem
764 2895 1041 2961 fortemque
1087 2893 1406 2946 defensorem
1457 2911 1624 2946 rerum
1669 2894 1898 2946 novimus
1941 2895 2181 2956 omnium,
2241 2911 2368 2961 quae
2412 2896 2626 2947 maiores

86 2981 356 3050 prudenter
386 2985 714 3040 instituerunt
749 2985 994 3055 nobisque
1029 2984 1339 3039 excolendas
1375 2987 1673 3055 mutatisque
1708 2987 2012 3056 temporibus
2046 2987 2215 3037 sobrie
2245 2987 2627 3038 accommodan-

86 3072 188 3125 das·
201 3075 524 3150 reliquean
574 3081 750 3147 ltaque
770 3096 1045 3149 speramuS,
1079 3079 1160 3131 Te
1180 3086 1421 3131 consueta
1438 3079 1527 3130 illa
1543 3097 1641 3146 qua
1663 3096 1757 3131 nos
1783 3095 1961 3131 ornare
1982 3079 2121 3130 soles
2145 3079 2494 3130 benevolentia
2514 3081 2624 3149 pla-

87 3164 299 3234 cidoque
332 3171 472 3223 vultu
520 3171 612 3224 has
657 3188 817 3239 nugas
854 3179 1181 3240 excepturum
1227 3188 1374 3234 esse,
1420 3188 1544 3238 quas
1586 3171 1716 3224 hanc
1763 3178 1904 3222 certe
1949 3170 2325 3222 excusationem
2368 3170 2625 3225 habituras

84 3265 335 3325 putamus,
379 3263 512 3345 quod
562 3273 904 3332 argumentum
937 3271 1153 3317 tractant
1190 3282 1222 3316 a
1256 3264 1333 3316 rei
1366 3263 1702 3316 scholasticae
1747 3269 1922 3314 natura
1966 3279 2065 3314 non
2098 3261 2313 3313 alienum
2325 3264 2350 3325 ,”
2375 3263 2625 3331 siquidem

86 3353 345 3417 gymnasia
390 3364 563 3408 nostra
615 3374 748 3409 nunc
802 3364 944 3409 certe
989 3374 1154 3408 rerum
1207 3356 1617 3426 philologicarum
1668 3355 1964 3406 tractatione
2022 3353 2237 3405 nondum
2283 3356 2625 3422 prohibentur.

86 3439 196 3492 Sed
229 3460 295 3496 ne
316 3446 557 3515 rlongiore
590 3449 846 3519 prooemio
880 3450 960 3501 Te
994 3466 1257 3511 moremur,
1285 3448 1350 3500 ad
1382 3465 1488 3499 rem
1521 3447 1679 3516 ipsam
1702 3454 2027 3507 transeamus,

142 3677 146 3680 ,
185 3622 247 3674 Ιιι
264 3625 493 3693 reliquiis
518 3631 809 3684 literaturae
827 3632 1079 3686 Romanae
1095 3647 1286 3701 paucae
1305 3637 1522 3694 exstant,
1541 3646 1668 3698 quae
1686 3629 1843 3680 variis
1865 3628 2148 3680 nominibus
2167 3631 2361 3682 animos
2383 3631 2624 3684 lectorum

85 3713 242 3779 Bagis
259 3715 504 3784 alliciant,
529 3740 675 3790 quam
691 3722 924 3791 dialogus
946 3723 1037 3777 ille
1063 3722 1129 3776 de
1157 3721 1454 3785 oratoribus,
1484 3721 1569 3790 qui
1585 3738 1677 3792 per
1693 3720 1834 3791 ipsos
1854 3720 2063 3774 codices
2085 3738 2231 3773 manu
2250 3722 2469 3792 scriptos
2492 3723 2624 3778 Cor-

85 3803 220 3855 nouo
235 3807 416 3863 Tacito
432 3814 592 3884 pri-o
609 3816 665 3866 in
683 3817 897 3868 historia
915 3818 1138 3868 Roma
1152 3815 1414 3867 asseritur.
1457 3813 1622 3867 Cuius
1639 3814 1802 3866 libelli
1819 3814 1966 3866 dotes
1985 3831 2194 3883 prorsus
2213 3815 2498 3882 singulares
2528 3835 2624 3868 ex·-

81 3907 287 3964 m
316 3895 504 3962 hudo
528 3911 828 3978 quaestione
848 3925 983 3964 nune
1000 3926 1036 3963 a
1051 3910 1222 3969 melfa
1239 3914 1557 3980 permotata,
1590 3926 1708 3962 um
1734 3909 1853 3960 libri
1887 3926 2033 3959 manu
2052 3909 2232 3978 scripti
2255 3927 2429 3961 verum
2448 3920 2624 3963 aucto-

83 3997 190 4043 Μ
219 3991 843 4063 wilk-orere
859 4002 1127 4072 ’.ιι-τίοι
1148 4015 1312 4056 nnn
1344 4016 1448 4055 non
1490 4002 1576 4065 ait,
1610 4017 1775 4071 noque
1795 4002 1928 4054 intra
1948 4001 2206 4055 cancellos
2233 4018 2498 4070 paucarum
2533 4021 2621 4072 pa-
