2928 4316
163 284 1079 370 ,.,.‚11qm·s‚1n‘1u-r¹moeimm
1113 297 1354 373 adhibita
1374 298 1586 348 *aarum
1631 297 1986 348 mutationibus
2028 295 2201 348 denuo
2232 299 2546 365 excusserit,
2588 316 2721 367 ‹100-

164 394 417 453 damnodo
449 406 544 459 per
561 388 891 440 ludovicum
926 389 1191 440 Troasin-
1226 396 1475 440 resartun
1499 395 1614 450 vest,
1658 388 1743 454 qui
1780 388 2062 456 nuperrime
2095 389 2524 441 accuratissimum
2569 392 2717 444 codi-

165 492 241 543 cis
274 485 426 544 iuius,
458 479 598 531 unde'
633 479 980 531 Farnesianus
1028 495 1226 547 quoque
1260 478 1548 548 descriptus
1584 486 1690 540 est,
1735 479 2070 546 antiquissimi
2112 481 2208 532 sed
2243 497 2376 533 nnnc
2420 491 2478 533 ut
2510 483 2716 535 videtur

162 573 434 646 deperditi,
479 571 626 624 cuius
660 571 978 639 apographon
1023 569 1388 621 Farnesianum
1425 559 1610 621 'seculo
1644 570 1764 621 XV.
1799 571 1983 622 factum
2015 570 2224 638 Lipsius
2269 588 2382 623 cum
2429 574 2714 627 Niebuhr-io

162 678 214 723 ot
246 666 438 718 duobus
475 663 587 714 eius
623 663 939 714 collationem
974 662 1324 732 supplentibus
1357 672 1706 729 usurpaverat,
1739 662 1950 714 alterum
1985 661 2303 730 apographon
2337 680 2490 714 manu
2532 665 2709 718 Iovian

160 756 369 814 Pontani
403 774 447 807 a.
487 755 633 807 1460.
672 756 912 825 scriptum
948 762 1001 808 et
1033 754 1230 808 Leitbe
1264 754 1318 805 in
1351 753 1656 806 bibliotheca
1696 754 2031 807 Perizoniana
2073 757 2387 806 asservatum
2432 756 2708 811 Hammone

161 849 332 911 edidit,
368 853 423 898 ut
456 847 606 898 huius
641 848 802 900 libelli
835 865 934 915 ope
963 847 1167 916 plenius
1200 846 1298 897 iam
1323 844 1580 897 ⁴iudicium
1625 845 1690 897 de
1725 846 2026 898 Farnesiani
2080 846 2276 899 codicis
2316 848 2621 900 lectionibus
2656 860 2710 902 et

160 944 225 994 de
258 941 493 1002 virorum,
531 939 617 1006 qui
651 955 764 991 eum
800 944 1195 1009 excerpserunt,
1212 937 1333 989 fide
1368 938 1495 989 ferri
1523 938 1703 1006 possit,
1737 954 2023 1005 quamquam
2065 938 2222 1005 igitur
2262 938 2362 991 hoc
2406 941 2555 992 valde
2599 959 2708 993 mo-

159 1037 338 1086 lestum
371 1030 587 1093 accidit,
611 1030 935 1084 nihilominus
971 1047 1098 1098 quae
1133 1031 1237 1081 sint
1269 1030 1411 1080 illius
1446 1029 1641 1081 codicis
1673 1029 1904 1092 virtutes,
1939 1046 2064 1096 quae
2098 1031 2246 1093 vitia,
2293 1031 2574 1084 clarissime
2608 1034 2704 1084 iam

158 1130 306 1194 patet.
373 1122 456 1174 Et·
480 1129 537 1173 ut
570 1121 637 1174 de
671 1123 803 1185 aliis,
838 1138 967 1189 quae
1002 1137 1387 1174 commemorare
1420 1138 1642 1190 possum,
1674 1112 1890 1182 taceam,
1925 1120 1991 1172 de
2024 1138 2124 1173 uno
2165 1122 2293 1173 vitio
2327 1123 2461 1190 quod
2507 1125 2556 1175 ei
2591 1142 2705 1177 cum

158 1214 416 1285 permultis
451 1214 568 1265 aliis
603 1231 716 1266 cum
750 1214 960 1265 aliorum
994 1213 1293 1282 scriptorum
1326 1220 1430 1264 tum
1464 1212 1627 1282 ipsius
1655 1211 1825 1264 Taciti
1859 1211 2122 1263 codicibus
2152 1229 2411 1267 commune
2447 1226 2543 1279 est,
2577 1235 2702 1287 pau-

160 1320 388 1359 ca‘nunc
422 1305 599 1357 dicere
631 1306 821 1374 placet,
871 1306 987 1372 quia
1021 1306 1074 1357 in
1108 1304 1234 1356 illud
1266 1304 1442 1356 vitium
1489 1305 1694 1356 intuens
1728 1310 1959 1370 tanquam
1993 1304 2122 1354 viam
2167 1305 2431 1359 detexisse
2465 1309 2585 1359 mihi
2619 1311 2702 1360 vi-

158 1399 295 1460 deor,
331 1415 428 1464 qua
461 1398 619 1449 oratio
653 1397 1071 1466 praestantissimi
1115 1397 1275 1449 libelli
1318 1396 1506 1463 aliquot
1554 1396 1683 1447 locis
1731 1394 1987 1447 emendari
2031 1396 2207 1464 possit.
2282 1398 2548 1451 Neminem
2591 1403 2700 1453 sci-

161 1491 283 1542 licet
315 1489 467 1556 fugit,
519 1489 718 1556 quoties
753 1489 807 1539 in
850 1489 1114 1540 codicibus
1150 1489 1298 1540 etiam
1342 1488 1542 1556 optimis
1590 1495 1642 1538 et
1675 1487 2040 1538 vetustissimis
2085 1488 2312 1554 syllabae
2354 1489 2567 1541 alicuius
2602 1511 2697 1545 vo-

159 1581 323 1633 cabuli
356 1582 419 1631 ab
453 1580 634 1631 iisdem
668 1582 767 1632 vel¹
788 1581 1040 1631 similibus
1075 1581 1295 1648 syllabis·
1322 1580 1574 1647 proximis
1599 1579 1808 1630 haustae
1852 1579 2041 1630 fuerint
2072 1580 2159 1630 vel
2193 1580 2340 1631 etiam
2376 1599 2510 1633 mera
2543 1584 2697 1635 libra-

157 1673 340 1723 riorum
377 1672 685 1738 negligentia
713 1672 1080 1733 interciderint,
1115 1671 1248 1737 quod
1264 1670 1392 1721 adeo
1427 1671 1481 1720 in
1497 1687 1653 1721 causa
1678 1670 1787 1732 fuit,
1821 1677 1877 1720 ut
1897 1686 2051 1739 saepe
2083 1677 2221 1722 totae
2235 1687 2395 1723 voces
2421 1672 2697 1727 interirent.

157 1762 231 1813 Et
264 1780 410 1830 quum
444 1770 719 1831 praeeunte
741 1763 956 1830 ,Ryckio
989 1762 1055 1813 ad
1088 1763 1212 1813 Tac.
1245 1762 1381 1812 Ann.
1414 1761 1534 1812 ΧΠ.
1569 1762 1651 1811 63.
1686 1761 1802 1812 hoc-
1827 1762 2002 1812 vitium
2036 1779 2067 1812 a
2109 1763 2296 1813 scribis
2331 1761 2557 1815 codicum
2592 1767 2697 1817 Ta-

158 1855 246 1906 citi
281 1855 719 1917 Florentinorum5
756 1855 971 1906 maxime
1016 1854 1128 1905 eius
1163 1854 1246 1920 qui
1280 1853 1530 1904 annalium
1576 1854 1735 1905 libros
1778 1854 2088 1922 posteriores
2132 1870 2243 1905 cum
2286 1854 2514 1907 historiis
2559 1874 2697 1910 com-

157 1947 414 2013 plectitur,
457 1945 729 1995 admissum
766 1962 885 1996 esse
918 1945 1189 2006 vidissem,
1218 1945 1336 1996 hac
1372 1945 1728 1995 observatione
1758 1954 1988 2012 tanquam
2033 1952 2175 1997 certa
2219 1946 2351 1998 duce
2394 1948 2557 1999 fretus
2599 1951 2695 2000 ali-

158 2044 276 2103 quot
317 2037 461 2087 locos
504 2036 736 2087 historici
770 2036 949 2105 summi
983 2043 1244 2103 corruptos
1280 2035 1549 2087 restituere
1582 2052 1693 2086 sum
1729 2042 1964 2098 conatus,
2009 2035 2158 2087 cuius
2192 2035 2417 2088 medelae
2463 2041 2697 2107 operibus

157 2127 602 2196 praestantissimis
644 2145 677 2177 a
717 2144 795 2178 me
830 2127 1081 2177 adhibitae
1126 2127 1359 2194 exempla
1399 2126 1637 2192 quaedam
1672 2127 1726 2176 in
1769 2127 1838 2177 iis
1869 2134 2089 2189 exstant,
2132 2144 2261 2193 quae
2295 2129 2698 2196 ephemeridibus

157 2220 293 2271 liter.
322 2221 523 2270 lenens.
557 2237 604 2269 a.
644 2218 790 2269 1834.
826 2219 946 2269 Vol.
978 2219 1069 2268 IV.
1112 2237 1158 2286 p.
1193 2217 1482 2268 261—268.
1514 2218 1733 2280 inserui,
1785 2218 1884 2269 alia
1916 2218 1981 2269 ad
2016 2219 2281 2270 Nicolaum
2317 2220 2556 2273 Baebium
2591 2240 2698 2275 me·

157 2330 253 2375 um,
288 2329 433 2379 quem
467 2313 549 2364 Tu
585 2328 780 2379 quoque
823 2311 1080 2361 immatura
1112 2318 1269 2362 morte
1306 2327 1464 2379 nuper
1505 2309 1794 2371 defunctum
1841 2311 2043 2362 multum
2087 2310 2248 2374 doles,
2296 2311 2435 2375 misi,
2477 2315 2561 2381 qui
2607 2332 2697 2368 co-

158 2405 353 2455 namina
386 2421 497 2457 mea
527 2405 615 2457 vel
647 2405 702 2455 in
734 2405 890 2472 ipsam
925 2421 1064 2455 suam
1101 2403 1371 2455 editionem
1395 2403 1563 2454 Taciti
1598 2404 1792 2473 recepit
1824 2404 1911 2455 vel
1945 2409 2084 2455 certe
2119 2403 2172 2454 in
2206 2404 2525 2457 adunatione
2560 2424 2698 2459 com-

159 2496 471 2559 memoravit3
520 2515 568 2547 v.
615 2496 682 2547 ad
724 2497 858 2546 Ann.
902 2495 996 2546 XI.
1046 2494 1124 2545 18.
1166 2495 1284 2545 Xu.
1320 2495 1403 2544 31.
1437 2495 1520 2545 33.
1564 2495 1710 2545 xm.
1744 2495 1829 2545 26.
1871 2496 2019 2545 XIV.
2069 2496 2146 2545 16.
2228 2491 2356 2548 Cum
2399 2498 2496 2548 hoc
2537 2502 2697 2552 amico

159 2587 516 2639 candidissimo
561 2587 938 2639 emendationes
979 2587 1129 2638 etiam
1172 2587 1437 2638 nonnullas
1480 2586 1631 2637 huius
1674 2586 1861 2654 dialogi
1906 2589 2406 2651 communicaveram,
2462 2607 2585 2657 quas
2629 2594 2699 2643 ita

157 2680 410 2745 probavit,
442 2687 498 2730 ut
533 2697 621 2730 eas
656 2679 827 2730 verbis
861 2679 1125 2746 scriptoris
1160 2678 1391 2729 inserere
1426 2694 1526 2729 non
1561 2677 1825 2729 dubitaret.
1894 2678 1968 2730 Et
2000 2679 2206 2747 primum
2241 2679 2438 2745 quidem
2474 2698 2578 2750 cap.
2619 2685 2695 2734 10.

160 2784 229 2820 ex
261 2771 346 2820 laic
379 2772 602 2837 inqentae'a
635 2788 702 2820 ex
736 2772 816 2821 his
848 2788 1108 2831 assensus,
1154 2769 1286 2834 quod
1315 2768 1529 2821 FarneS.
1573 2768 1748 2830 habet,
1806 2770 2049 2835 fingebam
2092 2772 2214 2821 hinc
2257 2772 2478 2836 inqenh’s
2511 2776 2696 2825 em‘iese

162 2879 427 2922 assemus;
478 2870 580 2912 tum
627 2878 732 2929 cap.
777 2862 859 2911 31.
906 2878 937 2912 e
981 2861 1215 2927 vestigiis
1261 2860 1485 2910 eiusdem
1531 2860 1743 2918 Fames,
1788 2861 1873 2927 qui
1920 2862 2091 2912 habet:
2137 2863 2231 2929 qui
2269 2865 2517 2930 quasdam
2542 2851 2695 2915 'artes

160 2954 344 3003 audire
364 2972 538 3005 omnes
568 2950 858 3005 liberaliter
882 2954 1043 3017 debet,
1072 2953 1342 3003 orationem
1370 2951 1634 3019 scriptoris
1663 2952 1733 3003 ita
1766 2953 1969 3004 refinxi:
2005 2956 2098 3022 qui
2109 2956 2358 3021 quaedam
2385 2964 2529 3004 artes
2560 2959 2695 3006 hau-

159 3047 270 3096 rire
285 3045 380 3111 (ita
398 3046 494 3097 iam
517 3046 751 3115 Lipsius)
776 3047 862 3098 vel
883 3047 1178 3108 exhaurire,
1197 3063 1371 3096 omnes
1395 3046 1561 3095 libare
1585 3046 1767 3096 leviter
1783 3047 1942 3107 debet,
1972 3045 2103 3112 quod
2121 3045 2272 3096 miror
2289 3064 2320 3096 a
2352 3063 2539 3115 nupero
2566 3065 2694 3115 quo-

160 3135 269 3186 dam
305 3137 499 3189 editore
531 3155 593 3189 ea
614 3138 680 3190 de
709 3156 863 3190 causa
896 3138 1176 3206 improbari,
1206 3137 1337 3204 quod
1366 3144 1467 3187 tum
1491 3139 1672 3188 leviter
1694 3154 1761 3188 ex
1790 3138 2059 3188 abundanti
2089 3138 2298 3188 addatur
2325 3140 2481 3190 verbo
2512 3142 2692 3193 libare.

159 3243 301 3292 „cum
313 3230 478 3279 libare
500 3237 552 3280 et
575 3232 805 3282 delibare
827 3231 922 3280 iam
940 3247 1032 3298 per
1056 3246 1117 3280 se
1133 3229 1423 3295 significent
1444 3228 1627 3279 leviter
1646 3229 1834 3294 aliquid
1859 3228 2127 3294 degustare
2150 3237 2200 3279 et
2224 3230 2366 3296 quasi
2393 3231 2693 3298 primoribus

159 3302 311 3368 labris
345 3321 641 3387 attingere“,
667 3322 810 3388 quasi
838 3339 939 3373 non
969 3321 1265 3373 sexcenties
1290 3337 1448 3371 voces
1471 3320 1752 3386 ῐσοδύύαμοι
1778 3321 2071 3388 copulentur
2099 3319 2231 3386 quod
2250 3321 2480 3389 inprimis
2509 3324 2575 3376 de
2601 3326 2694 3377 ad-

157 3411 347 3462 verbiis
364 3415 520 3465 verbo
546 3415 711 3465 otiose
725 3414 1088 3480 quodammodo
1111 3413 1299 3464 additis
1318 3413 1475 3472 valet3
1509 3430 1558 3461 v.
1579 3412 1731 3463 Bach.
1750 3411 1815 3462 ad
1836 3412 1995 3463 Tacit.
2014 3412 2130 3463 Vol.
2151 3413 2216 3463 11.
2236 3431 2282 3481 p.
2306 3413 2447 3465 LIV.
2467 3416 2693 3470 Tertium

158 3509 213 3552 ut
236 3519 336 3553 non
366 3521 433 3555 ex
460 3506 639 3558 eodem
669 3507 808 3558 fonte
828 3506 1104 3557 derivatum
1131 3506 1215 3557 hic
1237 3523 1337 3557 uon
1366 3520 1811 3565 commemorarem,
1840 3503 1939 3553 nisi
1969 3521 2095 3570 quae
2122 3504 2385 3573 hucusque
2404 3506 2472 3559 de
2494 3508 2694 3577 dialogo

159 3592 224 3644 de
247 3597 526 3648 oratoribus
552 3599 820 3650 meditatus
843 3617 968 3660 sum,
996 3599 1048 3648 in
1079 3617 1226 3648 unum
1250 3599 1414 3649 locum
1439 3611 1717 3661 congerere
1737 3596 1943 3657 vellem3
1972 3597 2135 3665 capite
2166 3598 2299 3650 enim
2317 3599 2402 3651 27.
2428 3618 2519 3669 pro
2539 3605 2694 3671 Apri-

158 3700 231 3733 ω
248 3686 940 3756 disceptatzbnecertissimis
964 3691 1133 3742 causis
1157 3687 1583 3759 palaeographicis
1600 3693 1761 3739 motus
1781 3688 2022 3740 faciebam
2042 3690 2178 3760 Apri
2189 3692 2286 3742 illa
2311 3694 2695 3762 disceptatione.

158 3770 270 3824 Sed
312 3774 440 3830 haec
482 3788 537 3831 ut
580 3788 717 3831 sunt·
748 3780 895 3850 paulo
948 3779 1141 3832 leviora
1184 3787 1237 3832 et
1278 3780 1344 3833 de
1386 3780 1517 3832 locis
1560 3779 1775 3848 prolata,
1831 3779 1915 3845 qui
1950 3796 1981 3829 a
2021 3780 2149 3831 viris
2195 3780 2362 3832 doctis
2406 3782 2478 3833 ita
2519 3788 2694 3836 tentati

160 3871 316 3929 erant,
349 3872 404 3919 nt
420 3874 627 3939 ⁴unguis
662 3854 965 3942 syllabarum
998 3860 1279 3940 voca-qne
1312 3860 2051 3935 mutationibus-abstineretur,
2085 3873 2140 3924 in
2173 3891 2328 3943 parvo
2364 3875 2461 3927 hoc
2494 3875 2693 3944 dialogo

158 3966 273 4008 non:
307 3960 540 4029 exignus
568 3966 795 4018 locorum.
828 3981 1066 4018 numerus
1103 3973 1297 4026 exstat,
1317 3966 1420 4034 qui
1453 3966 1515 4017 ab
1550 3965 1782 4017 omuibus
1815 3964 1941 4016 viris
1976 3965 2142 4018 doctis
2176 3983 2300 4019 vere
2329 3983 2514 4020 cruces
2550 3970 2694 4021 criti-
