2928 4316
164 600 490 660 offen-ntur
522 595 735 647 οώσηὸε
768 603 825 646 et
848 589 1147 663 peregi-ime
1177 592 1311 645 infra
1343 591 1766 656 commemoratis3
1808 591 2013 649 multum
2055 610 2180 647 vero
2224 595 2325 649 loci
2369 596 2471 651 vim
2512 599 2720 670 frange-

174 688 268 745 ret,
302 683 388 750 qui
421 684 590 739 deleto
623 684 874 755 asyndeto
906 701 998 754 pro
1031 701 1137 735 non
1169 686 1335 736 solem
1367 684 1596 737 scribere
1628 684 1815 736 vellet
1826 703 1923 736 nec
1965 649 2189 788 *a
2227 684 2467 741 Ceterum
2510 691 2720 746 aliorum

175 772 455 844 exemplum
502 784 712 831 secutus
763 784 909 846 post
923 777 1050 845 qm'd
1097 775 1450 844 interrogandi
1483 775 1681 844 signum
1728 775 1900 845 posui,
1946 772 2155 846 primum
2190 777 2307 843 quia
2347 796 2417 831 ex
2459 781 2558 835 hoc
2599 802 2719 853 pro-

175 865 375 920 nomine
409 868 634 922 clausula
674 868 787 938 ipsa
829 866 1023 920 initium
1060 868 1216 938 capit,
1265 884 1362 936 qua
1396 867 1607 931 Tacitus
1641 867 1985 919 auctoritatem
2021 869 2338 936 eloquentiae
2372 871 2721 944 descripturus

152 965 256 1009 est
289 976 569 1028 novumque
597 959 811 1029 proinde
845 959 989 1026 quasi
1016 959 1249 1029 impetum
1284 960 1447 1029 capit,
1497 961 1598 1012 tum
1634 959 1766 1026 quod
1802 959 2099 1013 coniunctio
2124 960 2332 1013 duarum
2365 963 2720 1034 interrogatio-

174 1067 306 1113 num,
339 1051 405 1104 de
439 1069 536 1120 qua
567 1053 681 1122 ipse
715 1051 801 1118 egi
833 1050 899 1102 ad
934 1050 1133 1104 Culicis
1176 1070 1253 1103 vs.
1288 1054 1432 1113 208„
1477 1051 1531 1102 in
1550 1049 1699 1102 hunc
1733 1050 1897 1102 locum
1945 1051 2144 1103 minime
2191 1052 2425 1120 quadrat,
2469 1056 2556 1109 ubi
2599 1075 2718 1126 per-

172 1141 298 1197 mire
333 1144 721 1212 coniungeretur
753 1144 880 1212 quid
912 1144 1270 1212 comparanda
1303 1152 1394 1194 est.
1462 1141 1697 1209 Denique
1731 1141 1891 1193 altera
1922 1140 2246 1218 interrogatio
2281 1147 2431 1198 omas
2463 1149 2626 1211 artae,
2671 1150 2720 1201 si

32 1222 45 1238 ’
96 1228 100 1233 ’
171 1231 464 1287 Ecksteinii
499 1234 798 1288 sententiam
833 1233 1103 1301 sequimur,
1138 1235 1224 1301 qui
1258 1233 1571 1302 potissimum
1605 1250 1697 1302 pro
1732 1233 1828 1283 hac
1862 1232 2111 1300 scriptura
2144 1237 2408 1302 pugnavit,
2453 1239 2588 1289 omni
2622 1259 2718 1292 sua

171 1325 225 1376 vi
260 1332 312 1377 et
346 1331 503 1378 nervo
538 1331 824 1378 exueretur.
896 1324 1067 1375 Aliam
1094 1324 1245 1375 huius
1274 1325 1376 1375 loci
1421 1323 1728 1393 expediendi
1761 1324 1894 1375 viam
1936 1323 2203 1390 ingressus
2239 1335 2320 1378 est
2355 1330 2597 1393 Bitterus,
2631 1333 2717 1398 qui

172 1425 374 1485 propter
408 1418 632 1487 copulam
668 1426 723 1468 et
753 1417 807 1467 in
842 1415 1022 1468 codice
1043 1416 1278 1467 Perizon.
1315 1416 1388 1467 uti
1413 1415 1559 1468 modo
1593 1415 1704 1466 dixi
1736 1432 1835 1466 non
1857 1421 2141 1466 exstantem
2176 1418 2415 1483 quaedam
2451 1422 2715 1475 excidisse

172 1515 310 1562 ratus
343 1508 574 1562 Tacitum
608 1508 680 1561 ita
713 1508 823 1561 fere
858 1507 1136 1577 scripsisse
1169 1506 1381 1560 iudicat.
1415 1509 1509 1577 qm·
1534 1509 1767 1560 illaturos
1801 1516 1855 1558 et
1885 1508 1944 1558 in
1975 1509 2160 1559 ultimo
2205 1518 2478 1563 terram
2507 1515 2630 1565 orbe
2663 1524 2723 1567 et
2838 1541 2851 1566 f

172 1603 229 1652 δη
256 1604 400 1664 urbe,
433 1615 530 1669 qua
564 1601 630 1653 de
666 1600 957 1652 coniectura
989 1606 1105 1668 post
1140 1616 1202 1652 ea
1235 1616 1362 1666 quae
1396 1601 1549 1669 supra
1582 1598 1836 1668 disputavi
1871 1599 2078 1697 uberius
2113 1616 2371 1686 exponere
2404 1612 2713 1704 supervince-

174 1710 320 1768 neum
355 1693 530 1746 habeo.

210 1881 214 1884 ’
274 1874 383 1928 Sed
431 1873 697 1927 claudendi
745 1890 877 1925 nunc
923 1873 1034 1934 rivi,
1069 1872 1185 1923 finis
1220 1872 1316 1923 iam
1349 1871 1679 1940 imponendus
1715 1871 1834 1922 huic
1868 1872 2128 1941 epistolae,
2164 1890 2292 1941 quae
2328 1890 2393 1926 ne
2425 1877 2711 1944 patientiam

171 1967 345 2028 Tuam,
381 1965 480 2017 Vir
499 1964 714 2034 Optime,
749 1963 1115 2030 defatigaverig
1150 1963 1262 2031 ipse
1297 1962 1463 2014 timeo.
1513 1962 1673 2013 Multa
1706 1962 1906 2029 quidem
1940 1964 2117 2025 babeo,
2152 1980 2281 2029 quae
2315 1965 2573 2033 disputare
2590 1986 2712 2036 pos·

170 2059 288 2120 sim,
333 2075 444 2109 cnm
480 2057 548 2109 de
583 2055 799 2123 singulis
833 2054 983 2105 huius
1019 2054 1204 2131 dialogi
1237 2053 1392 2116 locis,
1440 2060 1539 2105 tum
1573 2053 1884 2122 potissimum
1930 2054 1996 2106 de
2032 2054 2294 2106 codicibus
2329 2072 2600 2130 eorumque
2629 2061 2714 2112 vel

171 2152 469 2216 cognatione
504 2150 589 2200 vel
622 2147 932 2199 diversitate.
1001 2146 1073 2196 At
1107 2146 1235 2196 haec
1260 2144 1356 2195 ‘alii
1398 2144 1607 2213 tempori
1650 2144 1994 2211 relinquenda,
2029 2161 2096 2197 ne
2131 2146 2210 2197 Tu
2247 2146 2433 2198 frustra
2454 2151 2712 2204 monuisse

170 2240 415 2302 videaris,
467 2239 601 2307 quod
659 2254 815 2307 saepe
871 2252 1070 2298 mones,
1128 2236 1181 2286 in
1227 2235 1409 2286 talibus
1446 2235 1831 2304 scriptionibus,
1886 2236 2047 2302 qualis
2094 2236 2189 2287 iam
2244 2237 2362 2288 Tibi
2409 2239 2573 2291 oblata
2616 2250 2712 2303 est,

170 2332 402 2386 brevitati
447 2330 746 2383 studendum
782 2345 917 2382 esse.
986 2327 1132 2379 Nihil
1165 2327 1319 2394 igitur
1354 2327 1498 2378 nobis
1533 2327 1774 2394 reliquum
1810 2333 1913 2389 est,
1961 2345 2101 2394 quam
2149 2336 2202 2378 ut
2244 2329 2362 2380 Tibi
2407 2330 2571 2382 fausta
2604 2349 2711 2384 om-

173 2426 256 2477 nia
289 2440 575 2494 precemur,
622 2437 955 2492 rogemusque
1009 2428 1062 2471 ut
1098 2435 1224 2486 quae
1260 2419 1344 2471 hic
1380 2419 1630 2487 disputata
1664 2419 1837 2486 legisti
1884 2421 2032 2486 aequi
2067 2420 2283 2486 bonique
2319 2423 2568 2475 consulas.
2638 2426 2715 2475 lta

170 2518 284 2569 vale
320 2532 511 2582 nosque
547 2530 712 2566 amare
747 2529 917 2582 perge.

309 2698 540 2750 Dresdae
577 2697 623 2747 d.
657 2697 722 2747 X.
761 2714 821 2745 m.
860 2691 1491 2745 Octobr..MDCCCXL1.
