2928 4316
1371 0 1494 144 Σο
1936 100 1943 104 .
2399 89 2402 91 Α
2713 40 2861 106 's

1453 142 1499 169 υ

190 293 432 359 gellarum
467 293 583 344 talis
619 292 890 361 disputatio
927 293 1158 346 coerceri
1194 249 1529 360 queat,'(satis
1564 293 1716 344 habui
1749 292 1952 358 videre,
2003 311 2119 345 num
2153 293 2219 346 ad
2252 296 2409 347 verba
2442 295 2580 360 eius,
2625 292 2765 363 quae

192 401 284 451 per
317 391 591 452 temporum
626 385 857 434 iniuriam
902 385 1174 450 insigniter
1209 385 1469 452 deturpata
1513 401 1688 435 omnes
1737 386 1931 448 sciunt,
1976 386 2287 438 emendanda
2337 386 2526 453 aliquid
2571 388 2755 440 afferre

190 492 408 542 possem.
481 476 593 536 Quo
629 475 785 525 maior
827 482 992 525 autem
1027 477 1165 526 illius
1213 476 1372 526 libelli
1406 477 1724 542 praestantia
1759 485 1865 539 est,
1909 495 1971 528 eo
2016 479 2220 542 gravius
2267 477 2566 529 offendimur
2611 478 2751 530 miris

190 566 293 615 illis
330 576 383 616 et
419 566 587 616 multis
625 567 952 634 corruptelis,
1005 567 1184 631 quibus
1223 574 1273 616 et
1311 584 1461 617 casus
1497 567 1548 615 in
1586 568 1667 616 his
1708 570 1859 618 rebus
1906 568 2053 618 nimis
2089 585 2245 636 saepe
2292 569 2552 619 dominans
2602 551 2654 619 et
2688 570 2754 618 li-

191 657 467 708 brariorum
503 659 708 709 inscitia
743 658 829 709 vel
864 658 1175 724 negligentia
1221 675 1333 709 eum
1369 658 1660 724 inquinavit.
1731 658 1812 708 Illi
1851 668 1904 709 ut
1949 642 2157 725 magnae
2205 661 2416 712 lacunae
2460 659 2755 720 tribuenda

190 757 337 812 sunt,
383 768 512 817 quae
567 769 667 802 non
702 768 902 818 parvam
938 749 1126 815 dialogi
1171 759 1362 818 partem
1407 759 1462 801 ut
1508 750 1859 802 desideremus
1905 751 2120 814 faciunt,
2163 752 2235 802 ita
2279 751 2362 802 his
2408 752 2632 803 leviores
2670 741 2754 818 qui

191 850 312 892 sunt
347 843 400 892 in
447 843 666 909 singulis
709 842 922 892 vocibus
965 842 1052 892 vel
1100 842 1248 892 etiam
1294 843 1505 910 syllabis
1543 843 1692 894 naevi
1736 843 2035 911 imputandi,
2081 844 2262 910 quibus
2307 844 2530 895 lectores
2578 845 2754 910 quavis

191 934 302 985 fere
337 934 520 1002 pagina
555 934 815 1001 quominus
850 939 936 983 aut
968 935 1270 985 sententiam
1305 934 1568 1003 scriptoris
1604 942 1750 987 recte
1788 935 2077 1009 intelligere
2122 937 2505 988 aut-verborum
2536 936 2753 1002 elegan-

193 1025 311 1075 tiam
345 1027 511 1077 animo
545 1026 809 1094 percipere
842 1025 1046 1093 possint
1077 1027 1416 1094 prohibentur.
1486 1026 1561 1077 Et
1603 1027 1722 1078 huic
1758 1027 1956 1093 quidem
1991 1009 2307 1078 miserrimae
2333 1043 2460 1079 sane
2496 1027 2609 1079 eius
2644 1026 2753 1077 dia·

193 1117 298 1182 logi
334 1118 611 1169 conditioni
645 1117 873 1179 debetur,
907 1117 1042 1183 quod
1075 1118 1325 1169 iuventuti
1367 1118 1622 1170 literarum
1666 1120 1904 1170 bonarum
1949 1118 2230 1187 appetenti,
2265 1117 2338 1168 uti
2385 1136 2517 1170 nunc
2561 1136 2647 1170 res
2693 1137 2753 1171 se

193 1208 368 1270 habet,
415 1210 480 1259 ad
530 1209 803 1275 legendum
853 1209 908 1259 in
962 1228 1137 1259 manus
1186 1210 1317 1260 tradi
1366 1211 1457 1259 vix
1501 1217 1695 1279 potest,
1760 1227 1889 1277 qnae
1941 1211 2053 1279 ipsa
2108 1210 2419 1278 potissimum
2468 1227 2621 1261 causa
2674 1228 2752 1261 me

194 1302 409 1368 impulit,
463 1309 518 1351 ut
561 1318 654 1369 per
699 1302 830 1352 hanc
874 1301 1134 1351 scribendi
1178 1301 1498 1352 occasionem
1541 1302 1866 1353 laetissimam
1911 1303 2250 1371 solemnitate·
2283 1303 2590 1354 scholastica
2633 1303 2754 1353 mihi

129 1432 134 1437 .
195 1393 405 1442 oblatam
449 1393 515 1444 de
559 1393 735 1461 paucis
780 1392 1073 1459 quibusdam
1123 1393 1274 1443 huius
1322 1394 1464 1444 aurei
1518 1394 1679 1444 libelli
1736 1393 1869 1444 locis
1918 1410 2155 1462 perquam
2207 1394 2400 1445 vitiatis
2453 1394 2753 1445 sententiam

196 1500 351 1535 meam
388 1485 782 1551 qualemcunque
818 1484 1065 1553 aperirem
1113 1500 1321 1550 eamque
1357 1486 1469 1536 Tuo
1504 1485 1720 1547 iudicio,
1770 1484 1870 1536 Vir
1905 1485 2246 1546 Gravissime‚
2293 1486 2612 1538 subiiceren.
2681 1485 2755 1536 Et

196 1582 304 1626 erat
340 1593 479 1638 sane,
516 1594 664 1642 quum
699 1578 953 1639 timerem,
989 1593 1054 1627 ne
1091 1576 1178 1626 uni
1224 1577 1437 1628 alterive
1480 1577 1846 1644 supervacanei
1880 1576 2072 1643 aliquid
2115 1577 2310 1629 fecisse
2355 1594 2656 1646 operamque
2699 1579 2753 1628 in

196 1682 253 1717 re
288 1683 497 1734 prorsus
531 1667 700 1718 inutili
732 1668 973 1736 posuisse
1006 1667 1227 1729 viderer,
1263 1684 1409 1733 quum
1444 1668 1528 1718 hic
1565 1667 1820 1734 dialoguS,
1856 1668 1941 1734 qui
1982 1675 2241 1737 postquam
2272 1686 2309 1719 a
2341 1669 2587 1721 Schulzio
2621 1685 2753 1720 anno

196 1758 475 1826 superioris
512 1758 678 1811 seculi
724 1758 1035 1826 octogesimo
1080 1766 1259 1810 octavo
1292 1758 1458 1810 editus
1503 1766 1607 1821 est,
1650 1776 1743 1827 per
1777 1760 1980 1826 longum
2028 1759 2219 1812 deinde.
2249 1760 2487 1829 temporis
2539 1760 2753 1828 spatium

196 1868 227 1900 a
261 1851 388 1900 viris
424 1850 591 1902 doctis
626 1852 791 1902 minus
827 1852 1216 1919 respiciebatur,
1253 1859 1424 1902 nostra
1458 1858 1624 1901 aetate
1659 1858 1733 1901 tot
1766 1850 1973 1917 ingenia
2008 1853 2323 1915 exercuerit,
2369 1859 2424 1903 ut
2458 1852 2624 1904 omnia
2656 1852 2761 1902 iam>

195 1948 308 1992 acta
342 1950 393 1992 et
428 1944 482 1991 in
518 1960 646 2004 eum,
682 1945 767 2008 qni
803 1943 972 1993 denuo
1006 1943 1222 1991 animum
1257 1942 1324 1991 ad
1342 1943 1486 1997 „hanc
1524 1943 1672 1991 telam
1708 1940 1978 1992 texendam
2015 1943 2382 2003 convertisset,
2424 1942 2550 1991 illud
2593 1943 2750 2006 γλαῦκ’

196 2038 263 2090 εἰς
292 2033 514 2102 Ἀθήνας
555 2036 822 2085 confictum
868 2051 989 2084 esse
1022 2041 1244 2102 putares.
1315 2033 1402 2083 Uti
1439 2033 1570 2083 enim
1607 2049 1767 2100 nuper
1800 2032 1891 2082 vix
1935 2051 2099 2083 annus
2140 2033 2420 2100 praeteriit,
2457 2034 2575 2099 quin
2624 2050 2755 2083 nova

196 2124 364 2191 aliqua
409 2124 566 2176 editio
612 2125 854 2175 orationis
897 2125 1127 2192 Lycurgi
1163 2102 1475 2175 Leocrateae
1527 2124 1580 2173 in
1625 2125 1788 2174 lucem
1837 2125 2177 2186 emitteretur,
2226 2124 2359 2175 idem
2407 2141 2539 2176 nnnc
2583 2126 2754 2176 evenit

197 2215 397 2283 dialogo
434 2217 499 2267 de
535 2219 833 2280 oratoribuS,
870 2219 954 2269 cui
980 2217 1108 2268 adeo
1144 2218 1328 2267 laetum
1364 2216 1508 2266 sidus
1545 2217 1762 2278 exarsit,
1809 2224 1863 2266 ut
1898 2216 1995 2267 hoc
2027 2209 2139 2285 ipso
2181 2233 2314 2268 anno
2348 2225 2454 2268 tres
2492 2217 2604 2268 eius
2641 2217 2753 2268 edi·-

196 2309 363 2360 tiones
400 2310 551 2361 simul
583 2310 876 2379 prodierint.
945 2311 1017 2360 At
1050 2310 1137 2361 vel
1172 2310 1275 2371 sic,
1319 2317 1433 2378 post
1469 2309 1693 2375 quamvis
1729 2308 1953 2361 sedulam
1990 2317 2042 2360 et
2076 2317 2328 2360 strenuam
2366 2310 2583 2361 virorum
2628 2310 2753 2361 doc-

196 2401 503 2453 tissimorum
540 2420 739 2470 operam
777 2404 928 2454 multa
963 2410 1172 2464 restant,
1209 2403 1275 2453 de
1311 2402 1492 2467 quibus
1527 2401 1857 2469 ampliandum
1888 2403 2197 2463 censebunt,
2232 2403 2316 2469 qui
2351 2410 2530 2454 statum
2568 2421 2753 2456 causae

196 2492 262 2545 de
298 2512 395 2559 qua
427 2494 593 2559 agitur
627 2495 786 2546 libero
824 2493 1137 2560 candidoque
1174 2478 1362 2545 iudicio
1398 2493 1668 2544 intuentur.
1740 2492 1902 2547 Cuius
1941 2493 2016 2545 rei
2052 2510 2237 2545 causae
2273 2511 2385 2546 cum
2421 2495 2549 2547 aliae
2585 2496 2753 2547 afferri

197 2593 426 2653 possunt,
464 2604 585 2652 quas
608 2604 902 2638 enumerare
926 2604 1025 2638 non
1048 2595 1129 2638 est
1164 2586 1314 2635 huius
1351 2585 1466 2646 loci,
1503 2593 1605 2634 tum
1642 2602 1703 2635 ea
1738 2585 2036 2651 gravissima
2071 2585 2190 2635 mihi
2213 2585 2415 2637 videtur
2449 2605 2586 2649 esse,
2621 2587 2753 2653 qnod

199 2678 284 2742 qui
320 2694 520 2744 operam
556 2678 607 2726 in
656 2679 853 2743 dialogo
889 2679 1057 2728 Taciti
1104 2677 1417 2727 emendando
1465 2677 1774 2727 collocarunt
1818 2677 1983 2727 minus
2026 2695 2168 2743 quam
2218 2695 2308 2744 par
2353 2687 2462 2728 erat
2508 2679 2752 2739 codicum,

199 2783 405 2833 quorum
444 2769 691 2819 beneficio
738 2769 942 2819 libellus
988 2767 1452 2836 praestantissimus
1501 2767 1564 2817 ad
1610 2775 1827 2818 nostram
1871 2776 2083 2820 aetatem
2129 2768 2385 2837 pervenit,
2436 2777 2655 2820 naturam
2682 2780 2754 2824 ,et

199 2859 418 2910 indolem
455 2866 541 2909 aut
587 2868 959 2928 perspexerunt
992 2868 1076 2910 aut
1111 2865 1419 2928 perspectam
1461 2867 1710 2910 curarunt.
1781 2859 1871 2910 Ex
1907 2877 2003 2925 quo
2046 2861 2177 2911 enim
2215 2863 2286 2911 lo.
2325 2862 2476 2929 Casp.
2515 2862 2754 2921 Orellins3

198 2952 283 3002 cui
320 2952 432 3002 viro
468 2952 522 3002 id
559 2952 723 3003 datum
762 2961 843 3004 est
877 2961 930 3003 ut
968 2970 1066 3003 non
1106 2952 1295 3003 minore
1332 2952 1382 3001 in
1419 2951 1742 3003 inveniendis
1789 2952 2033 3003 subsidiis
2074 2953 2267 3004 criticis
2304 2955 2560 3013 variorum-
2587 2954 2752 3022 scrip-

201 3054 358 3095 torum
405 3052 457 3096 et
491 3045 857 3096 vetustissimis
895 3054 946 3097 et
990 3044 1329 3111 integerrimis
1365 3045 1607 3096 felicitate
1651 3063 1793 3112 quam
1831 3046 1882 3095 in
1931 3045 2152 3096 inventis
2198 3046 2402 3097 utendis
2450 3046 2753 3099 dexteritate

200 3137 406 3201 gloriari
439 3139 626 3204 possit,
675 3139 879 3208 primam
917 3138 1102 3203 dialogi
1150 3137 1415 3188 editionem
1464 3138 1752 3205 Lipsianam
1797 3157 1840 3187 a.
1881 3137 2027 3187 1574.
2063 3137 2263 3188 chartis¹
2286 3139 2483 3190 octonis
2520 3139 2753 3190 emissam

200 3228 295 3278 sed
329 3237 507 3296 postea
539 3238 637 3280 tam
673 3231 837 3299 ipsius
873 3230 1037 3298 Lipsii
1073 3247 1215 3295 quam
1252 3237 1531 3279 ceterorum
1568 3222 1811 3279 editorum
1849 3229 1997 3296 culpa
2040 3229 2091 3278 in
2144 3230 2443 3280 oblivionem
2491 3230 2751 3281 adductam

204 3321 370 3371 denuo
405 3322 457 3371 in
494 3323 657 3374 lucem
689 3323 950 3391 protraxit,
988 3331 1039 3373 et
1075 3323 1183 3372 sere
1209 3321 1382 3371 eodem
1418 3331 1642 3389 tempore
1679 3328 1919 3388 excerpta
1953 3320 2148 3372 codicis
2180 3322 2494 3383 Farnesiani,
2527 3340 2625 3389 quo
2659 3323 2755 3373 iam

201 3414 410 3481 Lipsius
447 3433 570 3466 usus
606 3416 783 3477 fuerat,
819 3434 850 3466 a
883 3414 1186 3475 Niebuhrio,
1223 3413 1529 3480 Schluttigio
1567 3420 1618 3463 et
1653 3413 1923 3465 Schrautio
1960 3414 2090 3464 facta
2125 3430 2237 3465 cum
2271 3414 2397 3464 viris
2435 3414 2603 3466 doctis
2635 3423 2754 3465 sunt

203 3507 575 3570 communicata,
611 3509 828 3559 verioris
865 3508 930 3560 de
966 3507 1192 3559 oratione
1227 3505 1386 3572 qualis
1423 3506 1475 3555 in
1512 3505 1710 3571 dialogo
1755 3513 1836 3556 est
1870 3505 2046 3556 iudicii
2088 3506 2287 3557 ferendi
2334 3507 2616 3558 facultatem
2661 3506 2753 3556 da-

202 3608 300 3648 tam
336 3607 548 3662 constat,
586 3608 637 3651 et
672 3601 756 3666 qui
790 3608 905 3668 post
940 3601 1038 3651 hoc
1086 3606 1283 3667 tempus
1319 3598 1571 3648 editiones
1619 3599 1732 3648 eins
1767 3606 2028 3659 curarunt,
2073 3599 2284 3667 amplius
2319 3598 2440 3665 quid
2483 3618 2515 3649 a
2556 3598 2753 3649 sevfla-

200 3691 349 3756 gitari
384 3691 562 3742 videre
598 3691 847 3742 debebant
881 3709 1024 3758 quam
1059 3692 1122 3742 ab
1157 3690 1239 3751 iis,
1274 3690 1469 3755 quibus,
1506 3707 1653 3755 quum
1689 3689 1938 3755 dialog-um
1974 3690 2201 3753 ederent,
2234 3690 2340 3741 illis
2369 3691 2591 3742 sontibus
2626 3705 2754 3741 non·-

200 3783 315 3833 dum
353 3783 426 3834 uti
462 3782 618 3835 licuit.
682 3784 784 3834 Iam
803 3783 929 3834 illud
952 3783 1152 3851 quidem
1187 3781 1340 3833 valde
1373 3783 1635 3833 molestum
1671 3780 1874 3844 accidit,
1909 3789 1964 3833 ut
1999 3788 2218 3849 quatuor.
2241 3782 2318 3832 illi
2351 3781 2466 3845 viri,
2500 3797 2629 3849 quos
2658 3797 2753 3833 co-

200 3874 363 3927 dicem
409 3876 774 3928 Farnesianum
821 3876 1037 3928 omnium
1088 3874 1589 3944 praestantissimum·
1616 3874 1928 3943 inspexisse.
1958 3874 2105 3926 modo
2149 3874 2286 3937 dixi,
2333 3873 2655 3943 non·=-paucis
2681 3873 2752 3923 ÷in

200 3968 330 4020 locis
365 3968 499 4021 inter
533 3985 594 4021 se
629 3968 934 4021 dissentiant
968 3976 1023 4022 et
1057 3967 1264 4020 diversa
1297 3966 1509 4029 tradant,
1545 3983 1850 4034 quamquam⁴
1871 3967 1969 4020 hoc
2002 3965 2398 4030 ineo-modun,-
2419 3962 2585 4019 donec
2605 3965 2752 4034 quin-
