2928 4316
0 0 83 16 nnn-*²-
1421 5 1431 25 '.

1437 121 1450 162 r
1481 87 1532 165 8

226 293 444 344 ludaeos
479 291 547 342 de
579 308 642 342 se
677 292 774 341 iam
809 291 1142 359 desperantes
1177 291 1276 342 sibi
1311 296 1364 341 et
1397 290 1629 344 bunnae
1661 290 1933 345 confidere.
1954 292 2130 356 iussit,
2156 293 2243 347 ita-
2268 294 2474 364 quiden·
2503 304 2560 351 nt
2589 295 2789 353 bne..

225 384 425 438 fortuna
458 382 559 433 sibi
595 381 775 433 ducem
811 381 980 434 datum
1013 383 1309 444 crederent,
1352 380 1512 450 prino
1545 381 1694 434 cuius
1726 383 1919 437 auxilio
1951 391 2249 455 praesentes
2278 403 2535 444 mem*
2560 388 2787 459 pepdis·

226 483 356 527 sent.
425 474 507 525 De
543 472 741 524 fortuna
773 473 873 540 agi,
907 473 1059 525 huius
1075 505 1078 508 -
1092 473 1336 525 auxilium
1369 472 1604 541 promitti,
1639 473 1827 527 docent
1870 481 1936 528 et-
1969 493 2099 544 quae
2143 477 2311 531 statim
2353 485 2633 547 sequnntur
2662 482 2788 547 sap.

226 569 419 618 mitum
461 567 568 615 iter
608 566 892 634 impanent,
939 573 992 618 et
1039 565 1337 617 vocabulum
1363 548 1556 634 pn'nno‘
1580 565 1775 621 ceteris
1813 567 1988 620 verbis
2022 569 2374 636 praemissum,
2418 569 2552 638 quod
2584 570 2788 636 fumat

226 658 312 724 qui
346 673 592 726 perverse
630 664 885 725 caperent,
920 663 975 707 ut
1008 674 1099 725 pro
1135 673 1199 708 eo
1233 656 1506 708 restituere
1540 656 1734 708 vellent
1756 660 1972 726 priore,
2016 675 2118 711 non
2163 659 2229 713 de
2272 661 2575 730 praestando
2613 661 2786 729 aliquo

226 750 395 803 officio
431 749 528 802 sed
562 749 628 801 de
663 749 759 800 iam
793 749 1036 818 praestito
1074 748 1374 816 cogitantes.
1444 747 1820 811 Quadamteuus
1854 766 2030 802 verum
2062 750 2167 804 loci
2199 769 2407 806 sensum
2441 753 2785 808 iamErnesti

226 844 512 914 perspexit,
559 860 723 910 neque
755 848 923 892 tamen
958 847 1058 892 tam
1094 842 1232 894 clare
1267 841 1552 910 exposuit,.
1575 848 1630 893 ut
1673 842 2002 909 sequentibus
2047 843 2407 914 interpretibus
2442 846 2787 916 persuaderet.

227 936 548 1002 Quantopere
583 950 706 986 vero
740 933 844 995 illo,
881 949 978 999 quo
1003 933 1215 985 Tacitus
1250 934 1395 996 vixit,
1429 939 1654 1002 tempore
1688 934 1744 984 in
1759 934 2031 1007 Fortunam
2065 951 2243 988 omues
2279 939 2441 990 ceteri
2456 972 2459 979 ι
2475 938 2549 990 dii
2583 954 2784 990 eorum-

226 1043 324 1094 que
358 1032 583 1094 potestas
618 1023 928 1087 transiverit,
964 1041 1077 1076 cum
1112 1025 1200 1076 alii
1234 1025 1335 1076 loci
1382 1023 1594 1088 docent,
1643 1031 1743 1076 tum
1789 1026 2006 1078 omnium
2049 1026 2450 1082 luculentissime
2484 1029 2680 1082 Plinius
2715 1029 2786 1081 N.

224 1120 291 1170 Η.
337 1121 384 1174 2.
430 1124 478 1178 s.
521 1118 608 1171 22.
653 1119 737 1170 23.
817 1114 906 1168 En
953 1115 1108 1183 igitur
1151 1117 1307 1168 verba
1346 1115 1540 1179 Taciti,
1584 1116 1658 1168 uti
1704 1131 1765 1169 ea
1799 1132 1868 1171 ex
1902 1134 2013 1171 mea
2046 1117 2302 1172 sententia
2335 1119 2608 1173 scribenda
2641 1129 2784 1173 sunt=

224 1213 446 1277 Moysen
499 1228 662 1260 unum
706 1209 944 1259 exsulum
993 1210 1248 1259 monuisse
1290 1227 1356 1259 ne
1401 1227 1558 1276 quom
1606 1209 1824 1261 deorum
1865 1211 2189 1263 hominumve
2229 1229 2376 1280 opem
2419 1221 2788 1281 exspectarent

222 1305 457 1371 utrisque
506 1303 725 1361 deserti,
750 1311 822 1350 et
856 1302 1061 1351 sibimet
1091 1303 1307 1368 ducique
1343 1301 1560 1351 caelesti
1589 1302 1878 1365 crederent,
1913 1305 2092 1371 primo
2128 1305 2275 1355 cusas
2308 1306 2507 1356 aum'lt'o
2533 1324 2785 1373 praesen·

225 1397 291 1446 tis
328 1395 573 1444 miserias
602 1394 936 1462 pepulissent.
2580 1374 2585 1376 Π

328 1578 640 1631 Accedimus
656 1578 751 1628 iam
768 1576 834 1628 ad
856 1578 1005 1628 alium
1021 1576 1208 1644 dialogi
1227 1578 1405 1639 locum,
1426 1577 1511 1628 ubi
1534 1577 1674 1645 Aper
1698 1578 1768 1643 (c.
1790 1576 1864 1643 7.)
1886 1595 1976 1631 eos
1997 1577 2110 1630 dies
2131 1568 2359 1646 tanquam
2378 1581 2684 1635 laetissimos
2703 1582 2784 1632 vi-

225 1679 307 1723 tae
333 1689 458 1722 suae
479 1670 751 1738 praedicat,
783 1671 965 1737 quibus
985 1678 1069 1720 aut
1091 1688 1230 1722 reum
1249 1686 1491 1738 prospere
1512 1668 1827 1722 defendisset
1845 1677 1930 1721 aut
1953 1670 2084 1740 apud
2103 1672 2444 1725 centumviros
2464 1691 2664 1726 causam
2687 1673 2783 1725 ali—

224 1780 368 1830 quam
393 1763 616 1814 feliciter
633 1769 832 1813 orasset
851 1769 937 1812 aut
964 1761 1097 1830 apud
1134 1762 1411 1830 principem
1433 1761 1646 1813 libertos
1667 1768 1719 1813 et
1749 1768 2103 1830 procuratores
2139 1763 2418 1833 principum
2446 1766 2579 1818 tueri
2605 1772 2658 1818 et
2687 1765 2782 1817 de·-

223 1854 436 1907 fendere
463 1854 730 1922 potuisset.
781 1856 967 1916 „Tuum
988 1853 1169 1922 pergit,
1195 1870 1359 1921 supra
1380 1853 1680 1904 tribunatus
1706 1856 2450 1921 etpraeturasetcomulatm
2467 1858 2784 1908 adscendere

219 1948 414 2006 mucor,
450 1954 561 1995 tam
582 1946 743 2006 obire,
758 1946 919 2012 quod,
952 1946 1004 1994 et·
1019 1962 1124 1994 non
1142 1962 1199 1994 m
1217 1945 1324 1994 alio
1343 1945 1546 2004 oritur,
1577 1961 1674 1994 nec
1691 1944 1945 1994 codol-illis
1962 1945 2126 1995 datur
2145 1962 2242 1995 nec
2259 1948 2581 2010 cumgratia
2597 1948 2781 1998 venitf‘-

222 2038 300 2087 lta
334 2034 543 2088 codices
577 2051 752 2085 omnes
781 2035 981 2098 habent,
1016 2051 1221 2101 quorum
1251 2034 1547 2102 scripturam
1569 2033 1946 2088 diversissimas
1965 2033 2283 2086 coniecturas
2317 2035 2555 2087 Virorum
2588 2036 2783 2088 Docto-

222 2145 331 2180 rum
367 2142 677 2196 provocasse
713 2142 813 2177 non
850 2133 931 2177 est
956 2126 1157 2189 mirum,
1189 2143 1335 2192 quum
1370 2126 1504 2177 sicut
1537 2142 1600 2177 ea
1633 2125 1922 2176 scribuntur
1947 2142 2135 2177 sensus
2162 2125 2283 2177 inde
2319 2127 2440 2178 elici
2471 2145 2571 2179 non
2606 2127 2782 2196 possit.

222 2220 326 2271 Iam
362 2218 571 2287 primum
608 2217 675 2269 de
710 2216 808 2269 hoc
845 2234 1020 2269 omnes
1057 2217 1111 2268 ni
1144 2217 1292 2269 fallor
1325 2217 1630 2286 interpretes
1666 2233 1798 2268 nunc
1835 2216 2180 2280 consentiunt,
2222 2218 2370 2270 abab-e
2403 2236 2434 2270 a
2466 2219 2667 2271 Mureto
2702 2219 2780 2271 fe-

221 2312 470 2365 licissime
506 2327 628 2363 esse
664 2316 899 2362 mutatum
929 2310 983 2361 in
1018 2311 1224 2362 habere.
1288 2309 1377 2363 -Eo
1411 2309 1569 2363 maior
1596 2308 1838 2362 dubitatio
1873 2309 2139 2362 etiamnum
2174 2316 2256 2362 est
2291 2309 2357 2364 de
2400 2311 2575 2365 verbis
2615 2311 2781 2368 statim

221 2405 567 2473 sequentibuS,
611 2403 676 2455 de
720 2404 902 2471 quibus
939 2420 1066 2470 qnae
1112 2403 1343 2455 homines
1391 2402 1530 2456 docti
1572 2402 1908 2472 protulerunt,
1954 2401 2171 2471 duplicis
2213 2409 2334 2454 sunt
2375 2405 2598 2471 generis.
2675 2405 2781 2460 Aut

223 2499 355 2550 enim
391 2515 423 2547 a
456 2496 749 2565 pronomine
786 2498 924 2565 quod
954 2495 1200 2564 apodosin
1234 2496 1540 2564 incipientes
1589 2511 1697 2546 eam
1732 2511 1892 2561 usque
1937 2493 2003 2544 ad
2030 2497 2179 2546 -eem’t
2209 2480 2515 2560 extendunt,
2563 2497 2779 2565 huicque

221 2570 447 2658 opinioni
482 2606 603 2638 suas
640 2589 959 2639 coniecturas
994 2593 1364 2655 superstruunt,
1399 2587 1472 2638 ita
1504 2595 1560 2638 nt
1593 2587 1731 2655 prior
1763 2586 2007 2654 particula
2038 2605 2135 2637 nec
2170 2603 2306 2638 mera
2349 2588 2419 2639 sit
2461 2589 2641 2658 copula
2679 2584 2779 2640 ‘ne-

220 2682 391 2750 gativa
424 2681 581 2731 verba
614 2680 879 2746 sequentia
912 2680 1165 2748 prioribus
1200 2685 1496 2730 annectens.
1565 2677 1636 2728 Ut
1670 2677 1796 2729 duas
1830 2677 1977 2730 modo
2002 2678 2171 2730 ‘huius
2207 2680 2415 2745 generis
2461 2680 2779 2733 coniecturas

221 2791 289 2826 ex
324 2772 551 2842 plurimis
589 2774 649 2823 ab
685 2772 992 2823 Ecksteinio
1029 2771 1291 2837 congestis
1325 2771 1543 2831 afferam,
1578 2770 1761 2821 Petrus
1796 2770 2040 2822 Pithoeus
2072 2787 2237 2839 paene
2270 2771 2487 2824 ridicule
2516 2775 2653 2843 quod
2675 2788 2781 2824 non

218 2868 275 2917 δη
311 2868 427 2916 alvo
465 2866 642 2915 oritur
677 2864 911 2927 coniecit,
947 2881 1043 2931 qua
1076 2864 1129 2914 in
1166 2880 1223 2913 re
1260 2863 1357 2914 hoc
1384 2863 1598 2914 maxime
1630 2862 1804 2912 mirum
1832 2869 1934 2925 est,
1968 2863 2231 2915 invenisse
2265 2863 2396 2915 hauc
2425 2865 2777 2925 coniecturam,

219 2959 304 3027 qui
342 2958 390 3010 ei
415 2937 791 3017 subscriberet,
833 2955 1242 3024 Oudendorpium
1277 2954 1344 3006 ad
1372 2955 1558 3023 Appul.
1590 2954 1713 3008 Met.
1748 2972 1794 3023 p.
1831 2953 1969 3006 227:
2017 2955 2185 3006 Aliam
2220 2954 2350 3006 viam
2396 2955 2662 3023 ingressus
2697 2964 2778 3009 est

219 3051 428 3104 Godofr.
474 3047 776 3117 Bernhardy
828 3049 880 3099 in
928 3048 1190 3116 encyclop.
1234 3047 1407 3116 philol.
1452 3066 1499 3116 p.
1551 3046 1664 3098 132.
1708 3047 1966 3099 scribens:
2023 3049 2161 3116 quod
2204 3049 2314 3099 sine
2359 3051 2564 3102 nomine
2608 3051 2778 3102 alieno

218 3146 398 3194 om'tur
440 3142 527 3193 vel
560 3143 799 3210 paritur.
878 3140 949 3189 At
997 3157 1160 3206 neque
1206 3140 1325 3190 huic
1376 3139 1702 3191 coniecturae
1743 3139 2039 3208 adstipulari
2084 3156 2314 3207 possum,
2361 3157 2538 3206 quum,
2596 3141 2647 3192 si
2679 3141 2777 3192 viri

219 3236 357 3284 illius
397 3232 730 3285 eruditissimi
777 3238 990 3281 mentem
1038 3240 1178 3283 recte
1223 3232 1394 3299 capio,
1445 3232 1603 3283 verba
1636 3231 1707 3282 ita
1749 3232 1939 3299 scripta
1971 3232 2082 3283 fere
2128 3231 2256 3281 nihil
2299 3231 2438 3282 aliud
2471 3232 2779 3300 eloquantur,

218 3345 360 3393 quam
395 3324 527 3391 quod
559 3324 671 3392 ipse
713 3322 926 3374 Tacitus
961 3323 1106 3388 paulo
1129 3330 1244 3390 post
1278 3323 1430 3374 multo
1457 3321 1664 3389 gravius
1697 3328 1748 3373 et
1781 3321 2148 3389 significantius
2185 3321 2329 3373 dixit.
2397 3323 2457 3373 In
2491 3323 2780 3376 universum

220 3420 285 3470 de
322 3418 551 3471 omnibus
588 3416 692 3467 illis
730 3414 1040 3468 coniecturis
1089 3432 1156 3466 ex
1190 3415 1287 3467 hoc
1324 3414 1390 3467 de
1436 3415 1538 3467 loci
1584 3414 1977 3468 conformatione
2023 3412 2215 3466 iudicio
2261 3413 2508 3467 derivatis
2549 3413 2781 3469 iudican-

219 3510 335 3561 dum
373 3519 467 3572 cst,
522 3528 611 3560 eas
649 3509 924 3560 orationem
971 3507 1144 3558 mirum
1187 3514 1419 3573 quantum
1466 3506 1750 3573 languidam
1795 3507 2037 3571 reddere,
2077 3514 2129 3561 et
2158 3507 2299 3560 viros
2335 3505 2530 3572 doctos,
2558 3507 2648 3576 qui
2675 3508 2779 3562 hoc

212 3587 460 3654 'iudicium
497 3602 663 3653 secuti
696 3602 862 3653 locum
898 3607 1166 3662 tentarunt,
1202 3618 1302 3652 non
1338 3617 1399 3652 ea
1433 3618 1534 3667 qua
1563 3618 1655 3668 par
1688 3606 1796 3651 erat
1830 3616 1955 3652 cura
1985 3598 2269 3653 attendisse
2302 3596 2368 3651 ad
2401 3587 2558 3653 verba
2590 3600 2781 3673 habere

219 3698 359 3766 quod
399 3697 450 3749 si
487 3712 594 3745 non
638 3711 765 3760 quae
801 3693 1086 3745 clarissime
1131 3691 1428 3755 ostendunt,
1478 3692 1843 3762 oppositionem
1862 3693 2092 3764 *aliquam
2126 3692 2458 3744 membrorum
2491 3707 2638 3754 esse,
2683 3710 2780 3760 qua

217 3789 373 3840 verba
409 3786 708 3856 interposita
750 3789 802 3837 su·
838 3804 944 3837 non
988 3788 1045 3836 o‘n
1080 3788 1186 3837 alio
1231 3788 1409 3837 oritur
1441 3786 1773 3853 sequentibus
1809 3802 1921 3837 cnm
1956 3785 2204 3853 gravitate
2247 3789 2571 3854 opponantur.
2638 3784 2779 3848 Quae

220 3882 353 3932 enim
390 3880 495 3932 illis
529 3879 772 3932 subiecta.
806 3886 950 3940 sunt,
1002 3878 1068 3930 de
1114 3895 1172 3930 re
1198 3921 1200 3924 .
1223 3878 1548 3931 extrinsecus
1593 3879 1783 3932 homiui
1816 3895 1911 3931 seu
1955 3895 2053 3948 pet
2090 3883 2442 3930 testum-tun
2476 3876 2781 3945 sagmio

218 3974 386 4043 populi
420 3972 505 4025 vel
538 3972 793 4042 principis.
808 3972 1051 4025 veniente
1072 3961 1245 4042 aperte
1279 3978 1458 4040 agunt,
1495 3972 1583 4024 illa
1616 3977 1898 4043 παρόνθπα
1931 3972 2082 4035 diota,
2098 4015 2100 4017 .
2117 3969 2251 4039 quod
2271 3970 2603 4042 interpmu-
2623 3969 2781 4039 aliqui

0 4250 224 4316 k*
1713 4291 1876 4316 ...n-AM..
1906 4309 1948 4316 d„
2034 4311 2038 4314 .
2343 4291 2349 4298 ¹
2491 4285 2507 4290 ⁴
2542 4291 2565 4300 “’
2588 4290 2597 4295 ⁴
2658 4292 2678 4300 '·
2778 4296 2835 4316 ’κς
