2928 4316
1308 0 1594 194 js„-

169 298 405 347 exsalmn
436 295 694 344 monuisse
739 311 806 343 ne
837 311 996 360 quam
1037 294 1253 369 deornm
1291 294 1616 343 leoninum
1653 309 1803 361 opem
1842 300 2223 362 capace-rent-
2247 276 2491 363 umque
2522 296 2732 358 ddcerto}

170 397 225 439 ct
255 388 462 437 sibimet
490 387 622 435 duce
665 385 881 434 coelem·
907 386 1198 442 crederent,
1225 386 1406 454 primo
1437 387 1586 436 caim
1621 386 1822 436 σιω-ἄδι)
1868 385 2137 439 credemus
2159 389 2461 455 praecentus
2489 388 2734 441 mm

160 480 490 549 pepulissent.
572 478 649 526 lta
682 475 769 527 hic
803 476 950 527 locus
984 475 1039 525 in
1075 476 1189 527 cod.
1223 476 1460 528 Mediceo
1504 477 1711 552 legitur,
1756 494 1831 529 ex
1866 495 1966 545 quo
2009 495 2159 545 quum
2200 478 2507 547 interpretes
2549 495 2731 531 saum
2837 536 2842 539 ,

171 572 386 638 aliquem
419 586 626 621 sensum
662 567 855 620 elicere
891 585 991 619 non
1026 575 1252 636 possent,
1286 568 1461 637 partim
1498 569 1823 637 interpolatas
1839 570 2052 622 >aliorum
2082 569 2321 621 librorum
2354 570 2729 624 lectiones-se-
2812 603 2817 609 ι

172 663 276 715 cuti
313 669 432 714 sunt
466 664 543 726 (ut
578 661 747 712 Guelf.
782 661 922 711 Harl.
959 660 1102 712 Bodl.
1138 661 1316 711 Iesuit.
1364 663 1455 712 sed
1488 664 1692 713 sibimet
1728 671 1795 713 ut
1831 663 1960 713 duct·
1987 663 2207 714 caelesti
2235 636 2529 726 cr‘edorent,
2576 660 2729 716 Corb.

169 759 233 807 m·
272 757 497 823 sibimet,
540 753 718 820 Agric.
772 762 837 804 at
873 753 1076 803 sibimet
1112 753 1242 803 dac-⁶
1269 754 1488 803 caelesti
1518 755 1807 819 crederent,
1849 770 1977 821 quae
2011 769 2189 805 omnes
2223 752 2473 805 lectiones
2506 739 2728 823 ineptum

170 849 299 900 male
334 846 623 899 sedulorum
659 844 970 896 librariorum
1006 843 1227 894 studium
1262 844 1358 895 iam
1393 860 1457 896 eo
1492 845 1723 914 produnt,
1758 846 1892 914 quod
1924 846 1995 897 ita
2029 847 2235 897 sibimet
2263 852 2437 897 contra
2470 846 2616 913 leges
2651 847 2730 899 la-

170 939 384 992 tinitatis
425 936 490 989 ad
535 938 754 1005 Moysen
802 923 1044 998 refertur,
1091 953 1239 1002 quum
1287 936 1565 988 secundum
1588 977 1591 980 >
1613 954 1703 989 eas
1728 954 1839 990 non
1887 937 1988 989 nisi
2020 936 2086 989 ad
2120 936 2262 1006 ipsos
2293 936 2511 990 Iudaeos
2541 938 2727 991 >referri

169 1032 359 1102 possit,
393 1029 528 1097 quod
560 1037 675 1098 post
710 1029 749 1078 Ι.
784 1028 872 1078 Fr.
908 1027 1219 1080 Gronovium
1255 1036 1396 1080 recte
1430 1012 1724 1081 observavit
1756 1029 2076 1094 Ernestius),
2109 1029 2286 1097 partim
2321 1029 2387 1081 ad
2406 1030 2727 1083 coniecturas

169 1127 518 1191 confugerunt,
555 1140 675 1188 quas
712 1121 1015 1172 VValtberus
1050 1121 1322 1188 diligenter
1356 1121 1585 1188 collegit,
1635 1123 1720 1189 qui
1762 1139 1895 1189 quae
1938 1123 2050 1191 ipse
2093 1121 2159 1172 ad
2193 1122 2489 1190 scripturam
2532 1123 2726 1176 codicis

168 1216 393 1269 Medicei
428 1214 675 1274 tuendam,
712 1212 778 1263 de
798 1213 910 1263 sole
946 1213 1061 1264 sive
1095 1215 1212 1264 luce
1248 1213 1426 1263 diurna
1460 1230 1588 1279 quae
1624 1216 1735 1264 dux
1768 1216 2008 1265 caelestis
2042 1214 2252 1276 dicatur,
2288 1215 2621 1281 excogitavit,
2666 1233 2727 1268 ea

170 1328 280 1361 cum
319 1308 514 1358 Rittero
552 1321 620 1356 ex
654 1305 767 1373 ipso
803 1304 1084 1356 lectoribus
1121 1304 1476 1371 cognoscenda
1511 1303 1854 1371 relinquimus.
1924 1306 2046 1357 Non
2082 1307 2241 1372 magis
2276 1312 2439 1358 autem
2474 1307 2593 1358 huic
2627 1308 2725 1376 ipsi

170 1403 364 1453 Rittero
400 1397 640 1449 assentiri
674 1413 962 1465 possumus,
997 1397 1082 1463 qui
1116 1397 1310 1448 medela
1345 1397 1470 1446 satis
1505 1397 1729 1447 violenta
1762 1397 1815 1447 in
1835 1413 1981 1447 usum
1997 1404 2178 1448 vocata
2197 1398 2398 1449 scribit:
2434 1400 2525 1450 sed
2549 1400 2652 1450 sibu·
2667 1410 2730 1450 nt

168 1495 295 1545 duci
333 1492 552 1543 caelesti
589 1491 890 1553 crederent,
935 1489 1119 1541 deletis
1169 1489 1397 1540 omnibus
1443 1505 1571 1556 quae
1617 1489 1736 1540 hinc
1781 1488 1834 1541 in
1870 1488 2019 1541 codd.
2052 1497 2331 1556 sequuntur
2367 1493 2544 1560 primo
2579 1493 2727 1544 cuim

168 1586 369 1636 auxilio
401 1614 471 1620 -
497 1584 832 1651 pepulissent.
902 1583 961 1632 ln
997 1598 1093 1648 quo
1128 1582 1336 1649 primum
1375 1582 1599 1643 offendit,
1635 1581 1768 1648 quod
1794 1582 2020 1633 Ritterus
2055 1583 2282 1651 copulam
2317 1592 2373 1634 et
2403 1590 2584 1654 contra*
2601 1558 2725 1635 auc-

165 1662 416 1728 toritatem
455 1674 566 1725 cod.
602 1663 830 1725 Medicei
865 1675 919 1724 in
953 1674 1244 1742 particulam
1275 1676 1366 1724 sed
1416 1674 1649 1736 mutavit,
1693 1691 1790 1740 qua
1823 1674 2092 1726 mutatione
2128 1675 2346 1726 fortasse
2379 1675 2725 1736 abstinuisset,

168 1771 215 1820 si
249 1785 438 1819 memor
471 1768 657 1816 fuisset
692 1783 864 1817 eorum
899 1783 1028 1832 quae
1070 1765 1135 1816 de
1175 1766 1270 1816 hac
1324 1782 1382 1816 re
1402 1799 1408 1806 -
1426 1766 1699 1834 disputavit
1743 1767 1977 1817 Handius
2022 1767 2076 1817 in
2119 1767 2339 1818 Tursell.
2374 1768 2440 1817 11.
2484 1766 2602 1818 494.
2651 1787 2724 1834 sq.

169 1861 384 1909 maxime
420 1875 466 1924 p.
501 1858 621 1917 495,
657 1857 705 1904 3.
779 1857 920 1917 Quae
954 1873 1104 1923 porro
1138 1857 1331 1923 profert
1364 1862 1419 1903 ut
1453 1858 1772 1905 mutationem
1808 1874 1948 1905 suam
1983 1860 2086 1905 u‘bo'
2110 1867 2178 1905 ut
2204 1873 2295 1924 pro
2339 1861 2545 1906 sibimet
2581 1867 2724 1908 tuea-

166 1961 274 2013 tur,
318 1950 453 1998 iusto
500 1947 822 1996 fundamento
866 1947 1056 2014 pariter
1099 1954 1218 1996 sunt
1262 1946 1518 1997 destituta.
1586 1947 1660 1997 Et
1693 1947 1820 1996 satis
1856 1948 2041 1998 leviter
2075 1946 2274 2013 quidem
2309 1947 2594 2010 contendit,
2647 1951 2725 2011 „si

168 2042 280 2093 suis
316 2040 458 2108 ipsos
493 2037 688 2088 viribus
723 2037 940 2089 Iudaeos
977 2037 1070 2087 niti
1104 2038 1319 2105 Moyses
1364 2038 1639 2100 voluisset,
1683 2055 1785 2088 non
1831 2038 2053 2089 dixisset
2103 2039 2383 2089 crederent
2421 2038 2517 2089 sed
2560 2044 2724 2101 confi-

168 2137 385 2192 derent,·
430 2137 533 2180 tum
579 2145 642 2179 eo
689 2127 905 2179 consilio
951 2128 1237 2179 auctoritati
1282 2145 1407 2180 suae
1451 2146 1622 2197 parum
1668 2128 2059 2180 consuluisset.“
2137 2127 2248 2181 Sed
2290 2128 2416 2180 illud
2458 2129 2524 2182 de
2566 2132 2723 2183 verbo

167 2217 385 2277 credere
419 2221 664 2271 refutatur
698 2220 868 2269 multis
902 2220 1152 2270 similibus
1187 2221 1332 2281 locis,
1368 2221 1542 2286 quales
1562 2221 1769 2286 collegit
1790 2219 1997 2273 Cortius
2019 2220 2084 2270 ad
2109 2220 2233 2272 Sall.
2264 2222 2374 2287 Ing.
2397 2224 2494 2283 72,
2514 2222 2723 2274 alterum

167 2314 454 2387 speciosius
477 2330 621 2380 quam
656 2312 832 2363 verius
868 2312 1055 2363 dictum
1091 2319 1186 2363 est.
1258 2313 1357 2374 Qui
1392 2312 1523 2364 enim
1559 2312 1843 2364 hominibus
1877 2311 2078 2379 diisque
2113 2312 2349 2364 desertus
2385 2320 2483 2377 est,
2523 2314 2577 2364 in
2599 2332 2724 2382 quo-

168 2428 279 2460 nam
315 2407 415 2458 alio
450 2423 593 2471 quam
624 2404 678 2454 in
714 2420 775 2455 se
809 2404 923 2471 ipso
958 2421 1100 2472 spem
1135 2403 1323 2472 ponet?
1370 2405 1539 2470 Atque
1565 2405 1654 2456 illo
1689 2405 1786 2455 iam
1814 2411 2038 2473 tempore
2072 2405 2120 2456 si
2153 2406 2365 2479 Moyses
2400 2422 2461 2457 se
2495 2412 2723 2474 tauquam

169 2501 370 2550 unicum
399 2514 612 2561 eumque
646 2495 920 2546 caelestem
952 2494 1131 2545 ducem
1152 2494 1357 2545 Iudaeis
1381 2495 1808 2556 commendasset,
1850 2495 2101 2546 incautius
2130 2496 2328 2562 egisset
2355 2503 2528 2565 utpote
2560 2498 2722 2549 omnis

169 2590 375 2643 consilii
411 2604 612 2656 expers.
684 2588 789 2637 lmo
824 2586 1054 2654 Moyses,
1090 2586 1164 2637 uti
1200 2603 1313 2637 eum
1348 2586 1559 2638 Tacitus
1595 2586 1854 2649 describit,
1889 2587 2036 2638 homo
2056 2587 2223 2637 audax
2257 2594 2309 2638 et
2342 2589 2722 2657 opportunitatis

170 2682 387 2734 utendae
422 2680 614 2747 peritus
651 2679 814 2729 omnia
847 2679 1078 2729 fortunae
1112 2678 1354 2745 permittit
1387 2677 1619 2744 idemque
1646 2678 1852 2729 Iudaeis
1888 2686 1943 2728 ut
1977 2679 2163 2729 faciant
2179 2679 2466 2747 persuadet,
2501 2682 2722 2731 confisus

168 2772 360 2840 aliquid
395 2772 634 2830 futurum,
680 2787 777 2835 quo
815 2778 866 2820 et
900 2769 1078 2820 ludaei
1113 2770 1362 2835 angustiis
1399 2769 1762 2837 expedirentur
1796 2777 1847 2821 et
1880 2771 1994 2838 ipse
2029 2771 2101 2820 uti
2137 2770 2242 2819 dux
2277 2772 2516 2822 caelestis
2547 2773 2578 2822 i.
2614 2789 2659 2824 e.
2692 2791 2724 2823 a

169 2867 270 2917 diis
307 2864 496 2914 missus
531 2862 596 2911 iis
635 2861 1078 2912 commendaretur.
1149 2861 1222 2911 Et
1257 2861 1387 2911 hanc
1423 2861 1590 2911 Taciti
1626 2868 1838 2912 mentem
1878 2878 2016 2923 esse,
2050 2862 2257 2930 primum
2295 2862 2445 2914 docet
2486 2881 2591 2915 vox
2636 2883 2723 2916 as-

167 2975 373 3009 sensere
417 2954 584 3003 statim
633 2969 879 3019 sequens,
926 2971 1014 3021 pro
1061 2972 1182 3020 qua,
1229 2954 1276 3003 si
1314 2954 1496 3003 Ritteri
1532 2954 1699 3020 opinio
1733 2970 1856 3003 vera
1891 2963 2049 3015 esset,
2084 2956 2442 3005 acclamavere
2475 2952 2588 3007 sine
2623 2958 2724 3006 ulla
2767 2942 2771 2945 ἢ

169 3048 479 3101 dubitatione
515 3045 729 3096 Tacitus
765 3045 1076 3112 scripsisset.
1148 3045 1350 3096 Deinde
1387 3046 1499 3113 ipsa
1534 3046 1749 3096 narratio
1787 3062 1985 3106 eorum,
2032 3061 2158 3111 quae
2205 3046 2478 3098 orationem
2522 3048 2722 3116 Moysis

168 3149 345 3193 secuta
380 3144 513 3199 sunt,
550 3137 797 3188 Ritterum
833 3137 1020 3187 erroris
1057 3137 1329 3188 convincit.
1411 3135 1617 3187 Etenim
1654 3136 1857 3188 ludaeis
1893 3154 2083 3187 summa
2116 3136 2284 3206 inopia
2316 3155 2475 3205 aquae
2508 3139 2574 3190 ad
2608 3139 2722 3191 exi-

169 3235 287 3285 tium
326 3240 378 3282 et
413 3230 821 3298 desperationem
857 3228 1050 3278 adactis
1087 3230 1331 3296 „Moyses
1369 3244 1576 3294 gregem
1613 3226 1865 3279 asinorum
1900 3229 2172 3294 agrestium
2210 3247 2240 3281 e
2285 3227 2519 3298 pastu'in
2552 3248 2722 3300 rupem

168 3341 372 3378 nemore
426 3339 627 3390 opacam
676 3320 1040 3372 concedentem
1086 3323 1377 3371 coniectura
1421 3321 1623 3371 herbidi
1669 3321 1767 3370 soli
1821 3329 2030 3371 secutus
2074 3322 2240 3388 largas
2285 3340 2520 3388 aquarum
2563 3340 2722 3375 venas

165 3417 381 3486 aperit“;
436 3432 532 3480 quo
580 3413 776 3464 demum
824 3413 959 3463 sacto
1007 3413 1166 3480 ipsum
1214 3414 1430 3480 Moysen
1479 3412 1659 3463 ducem
1694 3412 1832 3462 illum
1863 3413 2149 3474 caelestem,
2193 3429 2336 3479 quem
2372 3421 2633 3465 venturum
2670 3421 2724 3464 ut

165 3514 430 3579 sperarent
466 3506 668 3556 ludaeis
701 3514 948 3567 suaserat,
985 3505 1147 3555 fuisse
1183 3506 1418 3572 apparuit.
1490 3504 1748 3554 Divinitus
1784 3523 1844 3555 se
1882 3505 2086 3556 missum
2131 3505 2229 3557 hoc
2265 3506 2528 3568 miraculo,
2573 3506 2721 3557 venis

165 3603 368 3653 scilicet
403 3616 636 3664 aquarum
672 3598 878 3665 apertis,
915 3597 1279 3664 comprobavit,
1325 3607 1376 3647 et
1410 3613 1523 3646 eum
1559 3598 1621 3646 ab
1657 3597 1754 3646 hoc
1791 3596 1985 3647 demum
2022 3606 2244 3666 tempore
2279 3605 2507 3664 tanquam
2543 3598 2719 3647 ducem

165 3711 309 3745 suum
346 3709 376 3741 a
395 3690 600 3741 Iudaeis
635 3690 858 3756 agnitum
893 3690 1057 3739 fuisse
1092 3688 1245 3739 docet
1278 3689 1472 3738 initium
1508 3688 1688 3757 capitis
1723 3690 1999 3755 sequentis,
2034 3704 2133 3756 quo
2152 3689 2364 3739 Tacitus
2398 3690 2598 3740 itineris
2627 3689 2720 3737 'lu-

165 3787 401 3838 daeorum
438 3782 726 3834 narratione
761 3782 902 3832 finita
937 3781 1003 3833 de
1037 3782 1223 3850 Moyse
1251 3788 1305 3832 ut
1340 3797 1577 3833 novarum
1614 3781 1782 3848 gentis
1818 3781 2056 3833 Iudaicae
2090 3782 2256 3848 legum
2291 3781 2470 3833 latore
2491 3781 2720 3848 loquitur.

164 3881 326 3942 Quum
362 3877 576 3944 Moyses
611 3875 855 3927 auxilium
891 3873 1037 3926 ducis
1074 3874 1315 3926 caelestis
1352 3874 1556 3925 Iudaeis
1577 3881 1920 3940 auguraretur,
1957 3889 2121 3941 neque
2156 3873 2222 3925 de
2243 3888 2318 3924 -se
2352 3889 2519 3940 neque
2536 3872 2602 3923 ἀι
2622 3870 2721 3922 alio

160 3970 387 4037 quopiam
443 3975 584 4019 certo
638 3967 905 4033 cogitavit.
976 3966 1071 4017 sed
1129 3967 1180 4015 in
1238 3966 1529 4017 universum
1588 3964 1637 4016 ei
1684 3964 1805 4016 duci
1854 3966 2067 4018 caelesti
2112 3962 2369 4017 confidere
2414 3977 2515 4017 θοι
2555 3960 2720 4022 iussit,
