2928 4316
1414 78 1454 155 ι
1485 0 1510 155 ἰ

154 295 352 366 ptuit-2*
373 284 768 340 anubem
811 286 1080 337 cruentos
1103 282 1687 353 pumma-aas
1703 282 2059 349 pepulissent,
2101 278 2430 346 quee'verba
2463 276 2708 343 quomedo

164 383 393 437 amu
427 373 488 428 in
510 373 873 442 »simpicionem
900 378 1105 429 vocare
1122 375 1390 444 spuerit,
1424 391 1634 443 prorsus
1663 389 1765 424 uon
1799 372 2041 438 intelligo.
2111 371 2287 425 Satius
2313 369 2548 438 ,profecto
2583 375 2708 426 erat»

163 490 272 529 omn
314 470 354 520 1.
380 466 489 518 Fr..
503 465 769 527 :Gronevio
815 484 965 517 uuum
998 466 1125 518 illud
1156 463 1465 527 credentes,'
1488 466 1624 533 quod
1664 466 1729 518 ab
1763 465 1949 518 Orosio
1983 465 2132 517 etiam
2167 464 2296 516 hanc
2330 462 2499 515 Taciti
2534 478 2707 513 narra-

162 567 347 618 tionem
380 557 712 611 exscribente
743 559 984 611 omissum
1018 558 1284 628 explicari!
1307 544 1446 610 nullo
1480 558 1627 615 modo
1669 566 1840 627 potest
1872 564 1926 609 et
1955 557 2089 623 quod
2123 572 2193 608 ex
2225 554 2559 623 dittographia
2593 553 2708 603 sive
2740 582 2743 583 ν

163 656 288 711 mala
319 649 732 718 interpnetatione
766 650 958 703 librarii
991 651 1224 715 alicuius,
1257 667 1403 719 quem
1428 667 1554 703 vera
1585 650 1761 704 horum
1803 650 2070 703 verborum
2115 665 2257 699 nens
2292 647 2367 698 nti
2411 646 2589 697 multos
2625 646 2706 694 vi-

163 764 247 802 ros
279 743 460 796 doctos
487 742 707 809 fugerat,
740 750 899 795 ortum
933 759 1057 796 esse
1102 750 1263 812 puto,
1294 743 1442 795 obelo
1476 743 1764 807 confodere,
1799 761 1943 811 quam
1977 750 2052 793 tot
2086 740 2256 803 verba,
2290 740 2343 789 in
2379 738 2559 805 quibus
2596 748 2705 786 tan-

162 850 260 892 tum
288 836 440 888 abest
468 841 524 885 ut
557 834 661 885 ulla
691 816 904 887 serioris
939 835 1155 902 originis
1189 835 1414 904 suspicio
1442 836 1588 898 insit,
1623 842 1678 892 ut
1719 836 1786 887 iis
1817 835 2002 887 deletis
2051 831 2226 885 cetera
2270 832 2426 882 verba
2471 846 2705 897 perquam

160 926 394 997 languida
415 926 560 989 liant,
588 926 709 977 :loeo
744 943 839 978 suo
869 927 1076 978 eiicere.
1147 927 1373 979 Ritterus
1407 928 1624 990 scilicet,
1658 944 1943 994 quamquam
1979 927 2223 979 Scholius
2266 923 2334 974 ad
2367 923 2625 990 Hyginum
2659 938 2706 987 p.

166 1025 277 1078 137.
311 1025 365 1071 et
396 1017 674 1071 Ernestins
707 1018 920 1085 aliquam
956 1025 1097 1070 certe
1131 1035 1286 1071 verae
1319 1019 1468 1071 huius
1503 1019 1606 1071 loci
1643 1019 1949 1088 expediendi
1984 1019 2193 1072 rationis
2227 1024 2418 1086 partem
2456 1013 2704 1072 viderant,

160 1113 332 1181 quales
379 1119 556 1163 essent
589 1116 896 1180 praetentu
925 1113 1169 1163 mahen-iae
1210 1110 1509 1164 Iudaeorum
1531 1159 1535 1162 .
1557 1128 1658 1163 non
1703 1118 1786 1164 est
1819 1119 2109 1175 assecutus,
2162 1120 2309 1178 quum
2345 1108 2458 1177 ipse
2493 1105 2705 1158 Tacitus

159 1205 330 1274 paullo-
375 1203 506 1255 infra
550 1203 708 1255 dicata
762 1205 854 1257 ned
904 1205 1040 1255 nim
1078 1223 1239 1272 aeque
1284 1223 1441 1273 quan
1478 1206 1659 1273 inopia
1703 1222 1872 1272 aquae
1907 1205 2197 1269 fatiqabot.
2293 1202 2509 1268 Moyses
2553 1197 2708 1264 igitur

160 1299 294 1349 illum
328 1302 384 1347 ut
420 1294 599 1347 ducem
633 1294 734 1346 sibi
753 1294 968 1346 coelitus
1003 1294 1210 1346 missum
1242 1295 1461 1348 Iudaeos
1495 1295 1709 1348 credere
1743 1295 1909 1356 iussit,
1935 1297 2112 1363 primo
2146 1296 2293 1346 cuius
2320 1293 2521 1343 auxilio
2550 1305 2707 1358 prae·

159 1399 324 1440 sentes
357 1388 598 1438 mt‘eem'ac
621 1389 962 1455 pepulissent,
998 1387 1178 1453 quibus
1211 1387 1267 1437 in
1300 1389 1472 1439 verbis
1497 1391 1678 1457 primo
1713 1390 1914 1438 auxilio
1951 1404 2051 1437 non
2085 1403 2174 1454 pro
2220 1385 2387 1435 dativo
2417 1383 2515 1448 (uti
2549 1382 2705 1432 libra·

159 1482 220 1532 rii
265 1496 419 1531 secus
453 1485 603 1546 atque
634 1460 877 1541 Orosius,
932 1479 1065 1547 apud
1111 1496 1256 1546 quem
1299 1483 1567 1531 credentes
1602 1497 1702 1532 non
1738 1480 1945 1545 legitur,
1995 1480 2225 1530 fecerunt
2268 1476 2488 1542 illudque
2541 1475 2704 1542 ipsum

157 1572 466 1643 participium
510 1571 638 1623 male
682 1571 1028 1638 intruserunt)
1071 1571 1167 1623 sed
1200 1589 1292 1641 pro
1338 1573 1557 1624 ablativo
1591 1572 1911 1627 instrumenti
1945 1576 2027 1623 est
2060 1570 2364 1632 habendum,
2405 1575 2705 1638 praesentes

157 1666 399 1716 mulceo-iae
433 1680 533 1715 non
569 1671 702 1715 sunt
749 1669 984 1732 ἐναργεῖς,
1032 1664 1106 1715 uti
1140 1664 1336 1716 Rittero
1381 1665 1639 1733 explicare
1672 1664 1882 1733 placuit,
1923 1663 2021 1715 sed
2054 1679 2168 1726 eae,
2206 1663 2387 1729 quibus
2422 1676 2556 1712 nunc
2591 1674 2704 1710 cum

157 1757 371 1807 maxime
393 1753 778 1823 premebantur,
823 1764 875 1807 et
899 1757 1224 1823 papalium-t
1255 1757 1384 1821 (non
1405 1759 1728 1825 pepulerint)
1761 1754 2120 1824 quodammodo
2155 1754 2291 1807 idem
2324 1752 2458 1820 quod
2489 1751 2709 1821 pulsuri

141 1851 380 1911 fuissent
407 1847 568 1906 valet,
611 1846 699 1897 vel
744 1847 1117 1896 coniunctivum
1151 1847 1305 1896 futuri
1341 1849 1507 1900 exacti
1540 1849 1767 1900 indicare
1789 1847 2174 1898 existimandum
2211 1854 2307 1908 est,
2341 1845 2408 1897 de
2426 1862 2522 1911 quo
2552 1842 2703 1894 huius

156 1937 394 2005 temporis
440 1954 537 1988 usu
572 1936 835 1986 notissimo
880 1936 1042 1986 obiter
1075 1937 1316 1989 lectorem
1349 1936 1415 1988 ad
1451 1938 1770 1989 Ramslrornii
1805 1937 1894 1988 Gr.
1930 1937 2041 1988 Lat.
2073 1955 2121 2004 p.
2156 1935 2277 1998 608,
2313 1936 2361 1986 6.
2398 1934 2477 1986 ed.
2513 1932 2579 1984 11.
2614 1947 2700 1983 re-

157 2029 310 2078 mitto.
378 2028 540 2087 Quum
574 2027 729 2092 igitur
759 2028 972 2094 Moyses
1008 2014 1242 2094 prudenti
1277 2038 1675 2081 rerum-naturae
1710 2029 2064 2080 observatione
2100 2028 2284 2079 ductus
2319 2026 2434 2076 illas
2457 2039 2700 2093 praesen·

157 2131 235 2170 tes
281 2118 511 2169 miserias
560 2118 842 2186 pepulisset
883 2135 1156 2185 aquamque
1202 2120 1405 2171 Iudaeis
1449 2121 1783 2188 aperuisset,
1811 2120 1924 2170 fieri
1975 2137 2076 2170 non
2119 2119 2307 2187 potnit,
2351 2117 2472 2184 quin
2515 2116 2628 2184 ipse
2671 2133 2702 2165 a

157 2210 357 2261 ludaeis
391 2226 482 2277 pro
519 2209 730 2260 caelesti
764 2209 854 2261 illo
890 2209 1046 2270 duce,
1090 2227 1237 2277 quem
1285 2228 1376 2263 eos
1410 2220 1557 2263 antea
1596 2229 1805 2280 sperare
1849 2212 2094 2274 iusserat,
2138 2216 2514 2277 agnosceretur.
2592 2206 2702 2260 Sed

156 2303 316 2362 dices,
351 2302 450 2353 Vir
479 2301 808 2364 Gravissime,
845 2301 930 2353 ubi
965 2302 1163 2355 tandem
1198 2303 1384 2370 legitur
1418 2304 1470 2355 in
1506 2303 1686 2356 codice
1723 2302 1961 2355 Mediceo
1996 2301 2104 2354 dux
2136 2303 2227 2354 ille
2262 2301 2519 2363 caelestis,
2553 2314 2700 2366 quun

155 2403 206 2445 tu
251 2402 533 2446 ceterorum
575 2393 805 2446 codicum
847 2395 1190 2447 anctoritatem
1234 2396 1362 2448 adeo
1404 2397 1747 2464 superciliose
1793 2395 2041 2464 spernas?
2122 2396 2264 2446 Bona
2316 2396 2493 2455 verba,
2537 2391 2699 2450 adest,

156 2485 417 2537 dummodo
459 2469 659 2553 parvam
703 2485 913 2550 aliquam
950 2487 1265 2537 mutationem
1300 2488 1582 2554 scripturae
1626 2488 1822 2539 codicis
1857 2487 2082 2538 Medicei
2115 2487 2443 2538 admittamus.
2511 2486 2570 2534 ln
2602 2483 2698 2532 hoc

157 2575 286 2627 enim
333 2592 470 2638 cum,
506 2575 579 2626 uti
612 2583 761 2627 antea
795 2575 918 2638 dixi,
946 2579 1092 2632 ‚duce
1127 2578 1270 2642 (non
1294 2580 1422 2630 duci
1449 2578 1526 2629 nti
1557 2579 1856 2630 waltherus
1893 2577 2203 2629 errabundus
2239 2576 2492 2646 prodidit)
2528 2575 2697 2626 caele-

155 2670 228 2716 sti
255 2674 439 2728 exstet,
474 2666 595 2718 inde
628 2667 947 2718 scribendum
985 2677 1092 2718 est:
1126 2670 1614 2720 DUCICECELES
1625 2672 1702 2720 TI
1714 2671 1747 2719 i.
1768 2687 1813 2720 e.
1834 2656 2051 2736 ducique
2073 2672 2224 2719 cael..
2276 2671 2379 2718 lam
2399 2676 2516 2735 puto
2535 2666 2700 2716 omnia

155 2759 283 2819 lnce,
319 2767 372 2808 nt
405 2760 558 2820 aiunt,
594 2760 807 2809 clariora
840 2760 979 2809 finnt.
1040 2761 1240 2826 Moysis
1269 2761 1485 2811 hominis
1521 2763 1715 2827 qualem
1749 2761 1961 2812 Tacitus
1997 2778 2110 2811 enm
2143 2762 2305 2811 fnisse
2340 2760 2481 2825 fingit
2515 2756 2696 2807 astuati

155 2856 206 2899 et
234 2849 497 2902 adomnia
531 2852 689 2919 parati
723 2852 989 2903 consilinm
1025 2860 1079 2902 ut
1113 2852 1323 2920 tempori
1356 2853 1669 2920 aptissimum
1711 2853 2009 2914 ostenditur,
2043 2854 2140 2903 iam
2173 2859 2322 2921 patet,
2354 2867 2444 2901 cnr
2467 2850 2695 2917 MoyseS,

154 2958 296 3005 quem
340 2942 453 3009 ipse
499 2943 708 2993 Tacitus
753 2951 903 2995 antea
945 2943 1320 3011 simplicissimo
1366 2945 1565 2996 nomine
1609 2965 1771 2996 unum
1814 2949 2048 2996 exsulum
2092 2945 2450 3012 appellaverat,
2486 2940 2692 2991 ludaeis

153 3032 279 3083 adeo
313 3050 373 3084 se
409 3035 859 3098 commendaverit,
906 3044 959 3086 nt
995 3053 1106 3086 eum
1141 3035 1351 3103 posthac
1387 3036 1565 3086 ducem
1600 3038 1699 3087 sibi
1733 3045 2012 3097 sumerent,
2060 3044 2111 3086 et
2156 3054 2253 3086 una
2299 3033 2443 3085 modo
2496 3033 2696 3084 dubita-

154 3124 222 3172 tio
267 3124 331 3176 de
367 3125 455 3177 illo
501 3127 613 3194 ipso
649 3127 780 3180 duce
814 3128 1060 3180 solvenda
1093 3135 1340 3189 remanet,
1386 3145 1526 3194 quam
1578 3129 1902 3189 WaltheruS,
1952 3128 2131 3177 nimius
2177 3144 2300 3178 sane
2348 3127 2694 3191 cuiuscunque

155 3214 380 3267 codicum
415 3217 651 3269 lectionis
686 3221 888 3271 assecla
923 3221 1069 3271 nobis
1105 3220 1306 3272 obiecit.
1357 3220 1565 3281 Quaerit
1597 3220 1712 3281 ille,
1747 3219 1990 3286 quomodo
2024 3220 2236 3286 Moyses
2272 3235 2331 3269 se
2357 3218 2537 3270 ducem
2573 3233 2698 3269 cae-

153 3305 330 3358 lestem
365 3308 435 3372 (h.
471 3326 518 3360 e.
550 3328 582 3360 a
616 3309 716 3361 diis
751 3312 986 3377 missum)
1019 3312 1237 3380 potuerit
1271 3319 1550 3373 ostentare,
1598 3319 1856 3379 postquam
1891 3310 2159 3372 monuerit,
2212 3327 2275 3362 ne
2311 3328 2454 3376 quam
2490 3309 2697 3363 deorum

152 3414 296 3463 opem
329 3409 699 3468 exspectarent.
768 3403 880 3455 Sed
912 3421 1037 3471 pace
1071 3405 1170 3455 viri
1205 3404 1375 3471 optimi
1410 3404 1639 3464 dixerim,
1670 3419 1845 3454 verum*
1887 3421 1984 3453 non
2027 3402 2182 3464 vidit,
2225 3402 2341 3470 quia
2386 3402 2568 3455 videre
2604 3420 2697 3453 no-

152 3487 258 3539 luit.
288 3493 293 3499 ‘
335 3491 444 3543 Aut
477 3510 588 3545 eam
631 3494 780 3546 huius
833 3495 1151 3548 difficultatis.
1187 3495 1521 3548 removendae
1564 3495 1696 3546 viam
1737 3494 1936 3561 ingredi
1978 3512 2271 3563 possumuS,
2317 3512 2462 3562 quam
2509 3495 2697 3564 primus

151 3578 386 3632 Pabstius
427 3583 495 3635 ad
546 3585 711 3652 eclog.
753 3587 915 3638 Tacit.
949 3606 998 3655 p.
1031 3592 1148 3643 284.
1183 3588 1500 3650 monstravit,
1543 3587 1917 3655 repugnantiam
1960 3587 2095 3638 illam
2129 3604 2162 3639 a
2194 3588 2466 3641 Walthero
2501 3588 2696 3640 denum

152 3667 426 3726 simulatam
468 3676 742 3731 concidere
782 3696 1011 3742 monens,
1052 3680 1102 3731 si
1146 3682 1268 3731 dees
1312 3679 1380 3732 de
1420 3679 1704 3730 numinibus
1749 3678 1968 3731 ethnicis
2015 3679 2393 3747 interpreteris,
2426 3699 2458 3731 a
2491 3696 2696 3746 quorum

154 3760 287 3821 cultu
306 3764 522 3820 ludaeos
555 3786 658 3835 nou
692 3770 889 3823 alienos
923 3771 1088 3824 fuisse
1121 3772 1334 3823 historia
1362 3771 1508 3823 vituli
1541 3771 1686 3823 aurei
1718 3769 1913 3834 doceat,
1949 3780 2001 3823 et
2035 3772 2085 3823 si
2117 3772 2184 3823 ad
2217 3773 2319 3825 hoe
2348 3772 2599 3824 attendas.
2616 3771 2696 3840 ip-

151 3867 261 3904 sun
282 3853 527 3925 Moyse-s
541 3861 696 3916 nliu-
730 3863 917 3916 cultum
947 3864 1167 3918 Iudaeos
1184 3865 1390 3918 docere
1422 3864 1654 3916 voluisse
1686 3865 1828 3931 (coll.
1864 3881 1912 3917 c.
1945 3865 2049 3931 4.);
2093 3873 2186 3917 aut
2213 3866 2351 3933 quod
2382 3866 2505 3917 milri
2546 3865 2696 3916 multo

152 3949 869 4024 ‘'dammbbiliunqtssoyses.
906 3972 1007 4009 non
1051 3973 1206 4010 verus
1252 3957 1367 4020 ille,
1410 3956 1507 4010 sed
1544 3958 1747 4025 qualem
1775 3958 1992 4026 scriptor
2032 3974 2200 4009 rerum
2236 3959 2488 4009 Ronanus
2534 3957 2695 4015 fiuxit,

2643 4196 2928 4316 „A
