2928 4316
1421 0 1518 168 εἶ

170 294 436 356 cmm
448 276 708 345 aum
723 294 788 344 a·
819 296 1022 347 Bor-e·
1049 302 1103 347 et
1125 296 1443 348 comm
1479 295 1902 347 ammons
1946 295 2163 346 Primu—
2174 288 2319 347 «οιαὶ.
2340 295 2389 346 ιε
2410 295 2714 353 neni-eris,

167 399 504 461 quam-‘saepo
534 399 660 437 vex
691 385 860 452 aliq-a
901 386 955 436 in
990 387 1254 438 codicibus
1301 387 1577 450 exciderit,
1610 386 1747 455 quod
1780 387 1993 439 medium
2028 387 2160 440 inter
2181 386 2320 439 vduas
2354 402 2512 440 voces
2548 387 2713 440 locum

150 495 346 536 ‚mens
398 478 583 545 partim
643 477 708 528 ab
747 477 950 528 ultimis
1004 479 1385 547 praecedentis,
1455 480 1633 548 partim
1692 499 1724 531 a
1778 480 1952 549 primis
2012 482 2275 548 sequentis
2336 481 2482 532 vocis
2545 480 2711 532 literis

167 575 445 637 intercepta
503 575 587 620 est
640 568 932 634 (Drakenb.
959 569 1053 621 ‚ad
1097 570 1212 622 Liv.
1254 569 1509 622 XXXIX.
1562 572 1623 635 6,
1684 575 1734 626 2.
1801 572 1968 623 Kritz.
2031 572 2096 622 ad
2166 573 2303 622 Veh.
2362 572 2432 622 11.
2500 576 2590 631 11,
2667 574 2718 626 2.

168 684 213 736 p.
288 664 402 718 123.
475 662 616 728 sq.),
688 660 875 713 deinde
944 662 993 713 si
1076 662 1423 715 confusionem
1496 662 1637 714 illam
1703 663 2012 716 notissimam
2084 663 2337 714 literarum
2424 683 2455 713 c
2517 672 2569 714 et
2643 683 2711 732 qu

164 756 319 827 probe
355 758 631 815 tenemus‚‘
660 753 903 820 quomodo
939 757 1091 807 locor
1130 757 1228 807 uti·
1255 755 1290 807 i.
1335 771 1382 808 e.
1427 756 1615 824 loquar
1652 759 1740 808 utu·
1767 756 2011 809 excidere
2056 756 2300 824 potuerit,
2353 771 2452 806 non
2497 755 2708 823 amplius

165 844 512 900 dubitabimus.
581 845 721 897 Usus
756 846 902 898 verbi
935 848 1082 915 loque·
1108 847 1332 917 auqmn
1366 863 1456 916 pro
1489 847 1628 915 loqui
1661 847 1727 901 de
1761 848 1928 916 aliquo
1964 866 2062 902 non
2098 854 2289 900 tantum
2325 847 2489 916 poetis
2527 847 2710 913 (Plaut.

163 938 474 992 Menaechm.
517 938 587 988 11.
630 937 689 999 2,
735 937 818 988 47.
863 938 1014 990 ovid.
1051 938 1208 991 Trist.
1242 939 1336 990 ΙΙΙ.
1364 939 1414 1002 3,
1453 939 1557 1006 17.)
1601 957 1775 992 verum
1810 941 1957 993 etiam
1992 958 2176 1010 prosae
2211 939 2454 993 orationis
2490 939 2709 1008 scripto·

164 1034 301 1082 ribus
345 1030 602 1081 familiaris
656 1037 738 1080 est
782 1031 929 1094 (Liv.
963 1031 1031 1080 V.
1063 1031 1113 1081 5.
1162 1033 1302 1093 Quid
1333 1041 1525 1094 turres,
1560 1034 1687 1100 quo-'d
1714 1035 1891 1083 vineas
1926 1010 2309 1100 testudinesque
2338 1040 2395 1083 et
2419 1032 2584 1082 alt'aeant
2619 1049 2710 1098 ‹q›-

154 1132 410 1194 poratum
455 1124 674 1190 loquar?
741 1121 827 1173 54.
870 1141 937 1173 ne
981 1124 1215 1188 „ungulas
1257 1125 1446 1192 loquum
1486 1124 1655 1176 urbes.
1725 1123 1888 1176 Tacit.
1922 1125 2055 1176 Hist.
2089 1125 2184 1176 lV.
2225 1128 2303 1180 12.
2345 1141 2522 1175 caesos
2555 1140 2711 1174 exer·-

163 1218 311 1276 ct‘tm,
345 1223 504 1282 capta
537 1215 798 1279 legubm
829 1214 1076 1276 hiberna,
1111 1216 1382 1267 descivisse
1418 1217 1623 1267 Galliae
1656 1233 1762 1266 non
1803 1225 1868 1267 ut
1896 1218 2042 1267 mala
2076 1219 2432 1285 loquebantur.
2503 1214 2710 1267 Seneca

164 1325 240 1376 ep.
276 1308 358 1360 90.
413 1306 552 1368 Qm‘d
581 1306 766 1373 loquor
798 1324 1097 1369 marmora,
1140 1309 1267 1375 quid
1309 1309 1545 1377 lapideae
1588 1309 1749 1359 moles
1780 1309 1839 1358 in
1871 1310 2154 1359 rotundum
2189 1328 2254 1359 ac
2288 1310 2393 1359 leve
2410 1313 2708 1373 for-atas,

160 1400 286 1468 quid
313 1399 588 1449 verborum
621 1400 806 1448 notas?
839 1396 970 1448 adde
997 1398 1240 1465 Madwig.
1273 1398 1341 1449 ad
1375 1398 1545 1451 Cicer.
1579 1399 1694 1449 Fin.
1729 1400 1796 1449 11.
1832 1401 1880 1462 9,
1912 1398 2037 1464 260.
2107 1399 2290 1466 Neque
2326 1400 2422 1450 hoc
2455 1407 2575 1467 puto
2610 1398 2708 1449 ali-

160 1491 272 1560 quis
307 1496 483 1543 contra
513 1489 645 1541 hanc
680 1490 1017 1542 coniecturam
1051 1491 1244 1555 afferet,
1279 1492 1486 1543 verbum
1520 1492 1710 1561 loquar
1744 1499 1920 1543 contra
1954 1491 2311 1543 necessitatem
2345 1491 2520 1553 inseri,
2556 1508 2704 1557 quum

161 1583 316 1638 verba
358 1580 565 1636 dicendi
608 1582 908 1652 saepissime
958 1582 1118 1636 omitti
1167 1590 1368 1636 constet
1415 1583 1593 1651 (Cort.
1637 1584 1703 1635 ad
1737 1568 1935 1636 Lucan.
1973 1586 2039 1635 11.
2073 1584 2192 1635 493.
2238 1585 2457 1636 Gronov,
2490 1583 2555 1634 ad
2592 1583 2705 1636 Cic.

160 1677 299 1728 Fam.
346 1676 438 1726 111.
474 1674 521 1725 7.
567 1674 757 1726 Heind.
793 1674 858 1726 ad
895 1673 1009 1728 Cic.
1043 1674 1113 1726 N.
1137 1675 1209 1726 D.
1242 1676 1334 1727 111.
1369 1675 1420 1739 2,
1453 1676 1502 1727 5.
1535 1676 1587 1739 5,
1628 1678 1756 1741 11.)‚
1817 1676 1917 1729 imo
1951 1676 2036 1744 qui
2069 1676 2213 1729 locos
2248 1677 2397 1728 huius
2432 1676 2638 1744 generis
2675 1692 2706 1726 a

161 1769 280 1819 VV.
313 1768 427 1817 m).
461 1766 688 1818 laudatos
723 1773 913 1818 attente
946 1766 1229 1834 inspexerit
1264 1783 1458 1833 eosque
1482 1783 1601 1819 cum
1636 1767 1806 1819 Taciti
1837 1768 2011 1820 verbis
2047 1768 2428 1836 comparaverit,
2480 1782 2705 1833 magnam

161 1868 479 1925 utrorumque
512 1857 856 1909 diversitatem
891 1857 1155 1924 intelliget,
1189 1874 1287 1925 quo
1320 1857 1520 1910 accedit
1553 1858 1686 1925 quod
1719 1867 1822 1910 tum
1856 1859 2102 1927 quomodo
2134 1862 2223 1911 uti
2247 1859 2507 1911 evanuerit
2541 1858 2704 1908 minus

160 1953 297 2004 clare
340 1956 619 2018 appareret.
635 1975 657 1980 ·’
696 1949 941 2000 Futurum
983 1948 1200 2016 denique
1245 1955 1439 2018 tempus
1488 1952 1675 2019 loquor
1718 1952 1887 2002 multis
1930 1952 2180 2002 similibus
2229 1952 2359 2002 locis
2401 1950 2703 2011 vindicatur,

159 2044 332 2110 quales
374 2041 622 2093 collectos
667 2039 952 2092 invenimus
996 2041 1059 2091 ab
1102 2041 1327 2117 Horatio·
1355 2041 1648 2093 Tursellino
1692 2059 1739 2110 p.
1773 2042 1893 2105 489,
1929 2043 2013 2093 27.
2047 2042 2132 2093 28.
2214 2043 2494 2094 Orationes
2538 2049 2703 2092 autem

157 2137 218 2187 ab
253 2135 440 2186 oroem’o
474 2132 675 2183 facilius
710 2132 858 2183 etiam
893 2132 1154 2183 absorberi
1179 2132 1360 2202 potuit,
1394 2132 1594 2199 dequo
1629 2135 1942 2202 corruptelae
1976 2150 2168 2200 genere
2203 2133 2409 2186 uberius
2443 2132 2703 2184 dissei-ere

160 2244 259 2279 non
304 2242 430 2295 opus
476 2232 573 2276 est.
654 2223 1077 2291 Transgredimur
1110 2223 1177 2275 ad
1209 2224 1410 2276 tertium
1445 2224 1594 2275 huius
1630 2224 1733 2276 loci
1767 2225 2023 2288 mendum,
2073 2226 2206 2293 quod
2250 2233 2423 2294 aperte
2475 2224 2610 2275 inest
2649 2225 2701 2275 iu

158 2322 305 2382 altos,
333 2318 419 2370 vel
454 2324 508 2369 ut
541 2316 653 2369 cod.
688 2317 920 2369 Perizou.
954 2316 1106 2369 habet
1138 2319 1323 2386 quique
1356 2319 1502 2380 alt‘oo,
1535 2317 1634 2369 sed
1669 2318 1908 2369 facillime
1944 2325 1995 2369 et
2031 2317 2431 2369 commodissime
2453 2318 2522 2367 ita
2541 2317 2703 2368 corri-

159 2419 329 2478 getur,
373 2409 420 2461 si
456 2408 671 2476 legimus
703 2410 898 2477 quique
920 2410 1058 2459 alias
1098 2408 1131 2459 i.
1165 2423 1209 2460 e.
1244 2415 1530 2476 praeterea,
1577 2425 1706 2476 quae
1736 2409 1885 2460 huius
1920 2410 2148 2461 adverbii
2182 2410 2484 2477 significatio
2519 2425 2702 2459 aureae

157 2503 336 2556 aetatis
393 2501 724 2570 scriptoribus
782 2499 1039 2566 incognita
1079 2499 1211 2568 apud
1251 2500 1563 2569 posteriores
1605 2501 1739 2552 haud
1783 2518 1896 2553 raro
1948 2501 2204 2553 invenitur
2256 2501 2546 2566 (Bottcher.
2600 2501 2701 2551 lex.

156 2594 320 2648 Tacit.
353 2612 401 2666 p.
435 2593 518 2646 53.
555 2592 718 2645 Hand.
753 2592 974 2644 Turseli.
1008 2592 1048 2642 1.
1078 2608 1124 2661 p.
1156 2595 1278 2655 225,
1319 2594 1555 2659 14.)‚‹et
1589 2593 1819 2663 a'Plinio
1856 2594 2041 2645 maiore
2086 2594 2313 2663 inprimis
2360 2594 2700 2660 frequentatur

159 2688 253 2753 (N.
271 2687 336 2738 H.
356 2690 405 2748 2,
445 2688 558 2740 100.
585 2688 697 2740 111.
715 2686 766 2748 8,
784 2683 868 2735 89.
908 2687 987 2746 13,
1012 2687 1123 2738 102.
1159 2687 1243 2746 20,
1273 2687 1392 2739 213.
1425 2686 1510 2748 37,
1533 2688 1660 2750 40.).
1708 2685 2039 2738 Locutioncm
2073 2688 2131 2737 in
2165 2688 2341 2737 eodem
2374 2687 2700 2736 valetudina-

157 2783 238 2831 rio
271 2798 379 2830 esse
418 2779 723 2845 interpretes
775 2776 1021 2844 exemplis
1067 2783 1183 2843 apte
1226 2775 1393 2827 allatis
1436 2776 1562 2828 satis
1597 2777 1932 2840 illustrarunt,
1977 2778 2145 2844 itaque
2190 2777 2313 2827 nihil
2347 2776 2414 2828 de
2451 2776 2547 2826 hoc
2583 2776 2695 2826 loco

160 2870 589 2922 mihiaddendum
609 2869 825 2931 videtur,
862 2868 962 2918 nisi
995 2884 1172 2918 vocem
1201 2869 1434 2936 probant
1462 2868 1533 2918 ita
1556 2870 1915 2937 ’explicandam
1951 2887 2086 2932 esse,
2122 2877 2177 2920 ut
2210 2868 2419 2919 Tacitus
2442 2868 2557 2917 illos
2579 2884 2694 2916 ora-

157 2973 293 3017 tores
329 2960 504 3016 eadem
549 2978 646 3028 qua
680 2959 946 3033 Canutium
993 2965 1046 3012 et
1077 2959 1281 3011 Arrium
1318 2960 1546 3013 exilitate
1580 2961 1866 3014 laborantes
1902 2961 2030 3012 hanc
2065 2961 2221 3030 ipsam
2244 2959 2551 3011 auditoribus
2585 2958 2695 3008 suis

156 3056 527 3122 lectoribusque
559 3071 654 3106 suo
689 3052 919 3121 exemplo
955 3051 1303 3120 commendare
1336 3051 1542 3105 studere
1578 3052 1728 3117 dicat,
1764 3071 1860 3121 quo
1880 3053 1945 3105 de
1981 3053 2240 3105 notissimo
2275 3051 2510 3119 temporis
2546 3067 2695 3118 prae-

153 3150 314 3200 sentis
358 3167 454 3199 usu
493 3146 715 3199 conferri
755 3152 991 3214 possunt,
1041 3162 1168 3211 quae
1209 3152 1325 3213 post
1374 3144 1503 3196 alios
1549 3146 1669 3197 VV.
1713 3146 1826 3198 DD.
1861 3145 2032 3197 sobrie
2067 3144 2338 3215 disputavit
2372 3142 2595 3194 Haasius
2629 3142 2692 3193 ad

156 3241 371 3307 Reisigii
406 3240 611 3291 scholas
646 3237 991 3305 grammaticas
1026 3255 1073 3305 p.
1093 3236 1226 3299 498„
1262 3253 1425 3303 neque
1459 3236 1555 3287 iam
1590 3238 1811 3306 ineptum
1847 3236 2061 3300 videtur,
2095 3238 2251 3288 verba
2284 3252 2354 3287 ex
2388 3252 2500 3286 mea
2532 3234 2695 3301 quali-

156 3348 350 3398 cunque
385 3331 641 3383 sententia
676 3329 852 3380 relicta
883 3345 1161 3396 apponere:
1197 3332 1304 3380 Nec
1336 3347 1496 3378 unum
1539 3331 1605 3379 de
1629 3332 1823 3398 populo
1859 3331 2061 3396 loquar,
2093 3330 2182 3380 uti
2211 3329 2410 3377 Canuti
2439 3336 2538 3377 aut
2569 3328 2700 3377 Arri

153 3425 216 3473 de
260 3425 459 3474 Furnio
503 3432 560 3475 et
591 3421 816 3473 Gerania
859 3422 1145 3481 oratt'onee,
1189 3421 1372 3488 qm‘que
1413 3421 1550 3470 alias
1593 3422 1652 3470 in
1693 3422 1869 3471 eodem
1909 3420 2291 3470 valetudines-ob
2325 3420 2457 3470 liaeo
2491 3436 2610 3471 ossa
2644 3428 2699 3469 et

153 3516 290 3565 Itane
315 3517 535 3565 mact'en
559 3514 825 3583 probauit,-
857 3514 966 3581 ipse
999 3514 1137 3563 mihi
1165 3513 1353 3562 Calvus
1385 3519 1436 3562 et
1470 3528 1598 3578 quae
1644 3519 1932 3577 sequuntur.

253 3693 676 3764 Palaeographica
709 3693 798 3746 illa
830 3693 1118 3748 observatio
1151 3693 1218 3747 de
1252 3693 1415 3747 literis
1458 3713 1489 3746 c
1531 3699 1584 3747 et
1616 3712 1684 3763 qu
1717 3693 2023 3747 creberrime
2057 3693 2192 3745 inter
2226 3709 2287 3746 se
2316 3695 2606 3764 permutatis
2642 3694 2693 3743 in

154 3785 432 3839 memoriam
467 3787 588 3840 mihi
622 3793 830 3842 revocat
862 3787 1028 3841 locum
1063 3787 1231 3841 Taciti
1253 3786 1400 3840 nist.
1434 3787 1501 3838 v.
1535 3774 1600 3851 3.,
1644 3801 1791 3855 quem
1824 3786 1900 3837 uti
1944 3786 1998 3837 in
2034 3785 2181 3839 coda
2212 3786 2401 3855 legitur
2435 3787 2568 3839 haud
2597 3786 2693 3837 du-

152 3875 236 3928 bie
279 3885 567 3949 corrupt-n
610 3880 733 3933 VV-
774 3879 912 3932 m)...
933 3880 1104 3933 multis
1148 3879 1459 3933 coniecturis
1507 3885 1777 3932 tentarunt.
1854 3880 2066 3932 Tacitus
2110 3880 2184 3930 ibi
2223 3888 2483 3948 postquam
2518 3881 2695 3949 paucis

151 3967 322 4019 verbis
357 3967 424 4022 «b
466 3970 602 4025 tristi
622 3971 931 4026 ludaeorum
978 3946 1353 4026 statu-*relicta
1369 3972 1610 4042 Aegypto
1645 3971 1905 4041 exposuit,
1956 3973 2026 4024 ita
2058 3971 2251 4041 pergit:
2285 3975 2505 4039 Meque»
2532 3990 2692 4022 um

2637 4191 2928 4316 A
