2928 4316
1378 0 1473 172 h·

174 318 268 353 cae
302 301 460 352 habiti
496 309 548 352 et
581 301 816 369 appellati
853 301 1005 352 tantis
1041 296 1394 352 mutationibus
1438 316 1471 350 a
1506 297 1759 350 nonnullis
1774 331 1777 336 -
1794 287 2074 351 editoribus
2106 297 2282 351 vexati
2316 282 2450 361 sunt,
2478 287 2541 350 ‘nt
2571 305 2736 352 utrum

175 394 313 446 serio
349 410 413 443 an
448 393 564 444 ioco
597 408 746 455 suas,
791 393 840 443 si
877 392 978 444 diis
1011 394 1194 462 placet,
1231 391 1609 444 emendationes
1643 391 1970 461 protulerint,
2012 391 2198 443 dubius
2229 390 2458 457 haereas.
2496 428 2502 436 .
2537 390 2737 446 Nauio

174 493 366 547 autem,
420 502 484 534 an
531 481 718 534 nullum
768 484 1077 535 luculentius
1124 485 1275 535 huius
1319 484 1528 550 generis
1574 484 1700 535 artis
1743 483 1954 537 criticae
1990 483 2272 552 exemplum
2306 482 2527 535 inveniri
2560 484 2739 551 possit,

177 594 321 644 quam
365 575 499 643 quod
545 576 733 642 legitur
766 575 820 625 in
856 574 1043 643 dialogi
1078 591 1185 644 cap.
1222 574 1310 626 21.
1359 575 1445 626 ubi
1486 575 1701 627 Tacitus
1735 575 1866 644 Apri
1913 575 2291 627 interlocutoria
2334 590 2554 643 persona
2596 591 2738 639 usus,

177 676 439 738 postquam
487 668 710 735 ingenue
755 668 1026 721 confessus
1063 674 1168 731 est,
1213 666 1462 719 interdum
1507 674 1714 719 veteres
1757 673 1985 719 oratores
2031 681 2153 735 prae
2198 666 2491 719 recentibus
2536 664 2737 720 nimium

177 760 390 813 laudari
414 761 516 812 sibi
561 760 728 812 videri
781 767 833 812 et
876 776 937 812 se
980 759 1065 822 „in
1110 759 1404 826 quibusdam
1452 760 1764 827 antiquorum
1798 759 1890 810 vix
1933 757 2114 821 risum,
2156 758 2211 809 in
2229 757 2539 825 quibusdam
2574 764 2737 811 autem

179 855 271 905 vix
318 871 545 905 somnum
580 858 804 916 tenere“,
838 852 908 903 ita
940 851 1130 921 pergitx
1175 872 1272 904 nec
1317 872 1478 904 anam
1524 854 1589 904 de
1616 853 1813 925 populo
1853 852 2058 903 Gamm‘
2085 860 2186 902 aut
2212 852 2330 903 Atta·
2357 852 2423 903 de
2451 852 2655 903 Fam'o
2689 863 2745 904 et

182 949 410 997 Coram'o
447 948 581 996 alios
613 948 671 995 in
706 947 881 995 eodem
914 947 1301 995 valetudinario
1330 947 1459 995 haec
1494 963 1614 995 oasa
1647 954 1704 995 et
1732 946 1870 995 hanc
1903 945 2125 994 maciem
2151 945 2396 1012 probant.
2465 945 2587 1012 Ipse
2613 945 2746 995 milui

184 1041 371 1088 Calvus
413 1040 504 1087 vix
539 1040 597 1087 in
638 1055 746 1086 mm
790 1045 845 1086 et
887 1038 1066 1086 altera
1108 1038 1447 1086 oratiuncula
1482 1038 1760 1103 aatiqfaoo’th
1841 1036 1963 1086 Non
2009 1041 2091 1085 est
2135 1035 2268 1102 quod
2314 1051 2538 1086 moneam
2551 1071 2566 1097 ,
2611 1035 2739 1086 haec

180 1132 338 1182 verba
383 1130 456 1180 uti
501 1146 563 1180 ea
598 1138 675 1180 ex·
700 1127 1017 1179 Farnesiano
1053 1128 1234 1180 codice
1268 1128 1546 1196 adscripsi,
1592 1128 1829 1195 ingentes
1864 1127 2147 1179 hominibus
2182 1127 2350 1178 doctis
2385 1129 2563 1187 turbas
2594 1127 2741 1178 exci-

183 1233 342 1284 tasse,
379 1238 583 1287 quorum
617 1219 938 1271 coniecturas
973 1237 1121 1287 quum
1157 1221 1258 1271 nisi
1292 1220 1439 1270 fallor
1473 1236 1649 1270 omnes
1685 1219 2076 1285 diligentissime
2110 1219 2376 1285 collegerit
2410 1226 2462 1270 et
2496 1218 2741 1288 deinceps

186 1312 557 1366 enumeraverit
589 1311 951 1374 EcksteiniuS,
986 1313 1114 1364 malo
1149 1312 1401 1381 periturae
1432 1327 1661 1380 parcere.
1680 1310 1883 1362 chartae
1928 1327 2072 1378 quam
2118 1311 2285 1363 denuo
2330 1311 2632 1363 enumeratis
2669 1311 2741 1361 ri-

187 1424 296 1456 sum
333 1413 384 1456 et
418 1403 638 1455 taedium
674 1404 840 1455 Tuum
878 1420 1097 1456 movere.
1168 1405 1283 1454 Hoc
1319 1421 1469 1454 unum
1505 1403 1626 1454 mihi
1661 1409 1743 1454 est
1776 1401 2076 1466 addendum,
2112 1403 2223 1455 fere
2269 1419 2444 1455 omnes
2477 1420 2512 1478 a
2544 1401 2740 1455 codicis

185 1498 435 1567 scriptura
470 1496 673 1548 nimium
708 1494 972 1559 recedere,
1008 1502 1063 1548 ut
1096 1496 1192 1547 iam
1217 1497 1281 1548 ob
1318 1512 1424 1549 eam
1461 1512 1662 1549 causam
1698 1494 1834 1547 nulla
1868 1510 2039 1548 eorum
2073 1494 2328 1565 probanda
2363 1502 2519 1560 esset,
2536 1490 2657 1572 ,nisi
2692 1503 2744 1548 et

184 1591 314 1643 aliae
358 1589 581 1641 rationes
625 1587 959 1651 accederent,
1008 1604 1100 1641 cur
1143 1587 1364 1657 lapillum
1407 1587 1474 1640 iis
1519 1587 1759 1640 adiicere·
1791 1586 2058 1640 candidum
2101 1604 2424 1655 nequeamus.
2495 1582 2745 1656 Corrupta

185 1701 248 1735 ea
288 1683 446 1734 verba
492 1698 615 1733 esse
658 1698 805 1732 nemo
851 1680 1002 1732 facile
1045 1680 1312 1744 infitietur,
1346 1680 1563 1732 fortasse
1599 1697 1665 1731 ne
1699 1679 1828 1731 tales
1864 1678 2064 1746 quidem
2097 1678 2364 1748 philologi,
2412 1680 2587 1746 quales
2622 1696 2743 1732 esse

183 1774 360 1836 audio,
416 1773 502 1839 qui
549 1772 860 1825 coniecturis
902 1789 1112 1840 prorsus
1158 1772 1285 1822 nihil
1317 1772 1624 1834 tribuenteS,
1676 1770 1904 1837 quemvis
1948 1778 2058 1822 utut
2093 1778 2357 1840 corruptus
2385 1771 2508 1822 aliis
2541 1750 2746 1823 videtur

185 1867 351 1919 locum
397 1881 467 1917 ex
504 1882 604 1916 uno
617 1900 638 1927 ,
692 1864 1056 1931 qualiscunque
1091 1862 1287 1915 demum
1314 1863 1403 1914 ille
1449 1870 1556 1926 est,
1605 1862 1786 1915 codice
1817 1862 2078 1915 emendari
2110 1879 2267 1931 posse
2311 1862 2640 1927 contendant3
2693 1871 2746 1915 et

183 1956 568 2025 Peerlkampius
604 1956 659 2006 in
695 1955 930 2006 Biblioth.
978 1953 1105 2007 Crit.
1133 1955 1287 2006 Nova
1321 1955 1385 2006 T.
1409 1955 1478 2007 V.
1511 1972 1559 2023 p.
1598 1953 1710 2004 132.
1745 1970 1893 2020 quum
1927 1953 1994 2005 de
2028 1954 2197 2005 multis
2232 1953 2420 2020 dialogi
2453 1954 2585 2006 locis
2619 1970 2746 2006 con-

186 2051 411 2102 iecturas
435 2054 754 2116 proponeret,
789 2046 871 2096 his
907 2046 960 2096 in
995 2047 1170 2097 verbis
1207 2047 1488 2114 exemplum
1522 2045 1912 2113 Babyloniorum
1948 2045 2096 2111 sequi
2114 2045 2276 2096 satius
2310 2045 2497 2107 habuit,
2532 2045 2618 2111 qui
2653 2062 2745 2097 ae-

187 2148 378 2208 grotOS,
416 2139 481 2191 de
516 2155 723 2205 quornm
758 2138 923 2189 salute
952 2137 1296 2206 desperarent,
1331 2137 1384 2188 in
1401 2138 1532 2188 viam
1553 2136 1879 2206 deponerent,
1914 2136 1963 2187 si
1983 2137 2113 2187 forte
2132 2144 2513 2205 praetereuntes
2533 2137 2745 2204 aliquam

189 2230 426 2285 medendi
470 2231 602 2282 viam
640 2229 957 2299 expedirent.
1041 2230 1180 2292 Quas
1226 2230 1381 2297 igitur
1425 2229 1492 2281 ad
1525 2229 1840 2281 mutationes-
1858 2228 1987 2280 haec
2030 2229 2187 2280 verba
2218 2229 2360 2281 viros
2395 2228 2576 2281 doctos
2610 2230 2746 2281 invi-

190 2324 422 2387 taverint,
453 2323 544 2375 vel
577 2321 729 2374 unius
774 2321 815 2372 Ι.
849 2321 936 2376 Fr.
974 2320 1236 2384 Gronovii,
1271 2321 1450 2373 summi
1486 2320 1653 2373 critici
1689 2320 1920 2390 exemplo
1957 2320 2280 2390 comprobare
2308 2337 2577 2390 possumus
2592 2359 2608 2385 ,
2660 2322 2746 2389 qui

188 2417 321 2468 hanc
356 2414 477 2467 inde
513 2413 712 2466 effinxit
745 2412 1044 2465 lectionem:
1078 2432 1175 2464 nec
1206 2433 1369 2464 unam
1402 2415 1467 2465 de
1489 2414 1691 2482 populo
1729 2413 2009 2464 canalium
2047 2422 2151 2464 aut
2178 2413 2395 2464 Arrium
2426 2414 2746 2486 Furnium

188 2509 480 2569 nominabo,
515 2524 736 2575 quosque
771 2505 903 2556 alios
942 2507 1001 2556 in
1034 2507 1211 2557 eodem
1244 2507 1396 2556 valet.
1419 2507 1561 2557 -haec
1595 2523 1714 2556 oasa
1748 2515 1804 2556 et
1833 2506 1961 2556 haec
1992 2506 2186 2556 macies
2210 2506 2458 2574 probant,
2493 2512 2742 2574 receptam

190 2600 326 2651 illam
363 2617 394 2650 a
429 2597 722 2651 cautissimo
757 2597 1015 2649 Bekkero.
1093 2596 1197 2648 Iam
1233 2596 1509 2660 videamus,
1545 2614 1660 2648 num
1675 2627 1677 2630 -
1694 2596 1839 2648 nobis
1875 2613 1961 2649 res
1996 2596 2161 2665 paullo
2191 2595 2371 2648 melius
2406 2596 2476 2649 sit
2517 2613 2743 2660 cessura,

194 2700 246 2744 et
298 2690 578 2761 periculum
632 2673 772 2741 certe
816 2689 1085 2752 faciamus,
1131 2707 1245 2739 num
1295 2688 1415 2755 quid
1459 2688 1688 2757 proferre
1719 2688 1996 2757 possimuS,
2031 2687 2167 2754 quod
2200 2706 2231 2739 a
2267 2688 2462 2740 codicis
2497 2689 2748 2758 scn‘ptura

193 2801 296 2835 non
331 2783 480 2833 nimis
516 2784 663 2833 abeat
706 2789 757 2832 et
791 2781 1126 2849 probabilitati
1160 2782 1214 2831 in
1250 2798 1308 2832 re
1343 2781 1522 2832 critica
1552 2782 1843 2850 plerumque
1869 2779 2100 2832 veritatis
2135 2781 2301 2831 locum
2318 2824 2320 2827 ,
2335 2782 2529 2832 tenenti
2565 2782 2744 2833 melius

194 2881 452 2942 congruat.
542 2873 617 2925 Et
651 2880 767 2924 ante
803 2873 968 2924 omnia
1016 2872 1314 2925 monendum
1350 2877 1456 2936 est,
1505 2873 1557 2923 in
1594 2872 1789 2924 codice.
1818 2872 2154 2924 Perizoniano
2190 2873 2381 2924 rectius
2426 2873 2531 2940 legi
2577 2877 2746 2925 Canu-

193 2970 356 3030 tiam,
392 2965 527 3033 quod
562 2964 747 3016 dudum
783 2965 900 3016 Viri
932 2965 1086 3017 Docti
1120 2965 1470 3028 restituerant,
1507 2963 1819 3031 eundemque
1853 2963 2065 3016 habere=
2115 2966 2340 3016 Coram’o
2381 2967 2566 3035 quique
2600 2967 2747 3026 aliea,

193 3059 326 3127 quod
360 3058 496 3111 idem
531 3057 586 3109 in
632 3056 747 3109 edd.
781 3064 902 3108 vett.
935 3065 1118 3110 exstat.
1196 3057 1340 3126 Aper
1373 3057 1528 3124 igitur
1561 3064 1788 3109 oratores
1824 3055 2106 3112 mediocres
2139 3056 2340 3125 pristini
2371 3057 2609 3126 temporis
2653 3074 2748 3110 ex-

194 3153 472 3218 agitatums
523 3149 793 3203 Canutium
830 3159 881 3200 et
913 3151 1117 3200 Arrium
1155 3151 1261 3215 (sic
1297 3158 1437 3202 recte
1475 3150 1791 3216 Gronovius)
1827 3157 2057 3215 tanquam
2093 3150 2324 3218 exempla
2356 3150 2523 3218 ponit,
2569 3150 2748 3217 quibus

195 3244 261 3294 de
297 3243 578 3294 oratoribus
614 3241 904 3294 testimonia
934 3250 1160 3293 veterum
1196 3242 1410 3293 maxime
1447 3241 1746 3304 Ciceronis,
1795 3258 1943 3306 quum
1986 3241 2083 3290 iam
2126 3240 2432 3310 interpretes
2476 3242 2748 3306 attulerint,

196 3342 427 3403 repetere
463 3335 593 3385 nolo.
662 3333 737 3383 Hi
774 3333 930 3398 igitur
963 3341 1186 3384 oratores
1201 3369 1216 3395 ,
1268 3334 1397 3384 alter
1446 3332 1512 3383 de
1546 3332 1739 3382 Furnio
1776 3331 2045 3384 Ciceronis
2079 3332 2333 3394 familiari,
2377 3333 2507 3384 alter
2540 3333 2607 3384 de
2642 3313 2749 3385 Coss

196 3427 338 3477 ranio
381 3426 495 3477 sive
540 3433 596 3476 ut
637 3425 727 3475 alii
773 3423 919 3476 codd.
962 3424 1146 3475 habent
1187 3425 1409 3476 Toranio
1452 3423 1654 3475 homine
1697 3441 1907 3492 prorsus
1949 3423 2122 3490 ignoto
2156 3423 2430 3475 orationem
2460 3423 2748 3475 habuerant.

141 3575 143 3585 ⁴
196 3520 310 3572 Hos
347 3525 572 3569 oratores
607 3518 659 3568 in
696 3510 823 3567 suae
859 3532 1044 3567 causae
1078 3517 1404 3585 patrocinium
1441 3531 1827 3568 commemorare
1860 3515 2005 3585 Aper
2039 3532 2139 3567 non
2172 3516 2304 3578 vult,
2351 3522 2407 3567 ut
2439 3515 2539 3583 qui.
2557 3516 2622 3573 ab
2668 3515 2748 3583 ip·-

197 3611 273 3661 sis
309 3625 434 3661 suae
481 3609 767 3661 sententiae
801 3607 1112 3660 adversariis
1147 3608 1348 3660 minime
1380 3609 1678 3677 probentur,
1724 3605 1904 3659 dicens
1951 3607 2038 3659 vel
2080 3607 2134 3658 in
2167 3606 2280 3676 ipso
2316 3605 2478 3662 Calvo
2513 3606 2598 3659 cui
2630 3604 2747 3668 illos

195 3703 459 3772 plurimum
494 3702 717 3768 tribuere
752 3700 964 3764 sciebat,
997 3700 1142 3770 plura
1174 3700 1273 3752 sibi
1309 3699 1583 3770 displicere
1619 3716 1762 3767 quam
1796 3699 2012 3768 placere.
2081 3698 2220 3752 Hinc
2243 3698 2533 3752 Gronovius
2554 3695 2750 3750 addidit

197 3795 490 3859 nominabo,
526 3792 591 3846 ad
625 3792 831 3847 sensnm
868 3791 1068 3861 quidem
1104 3808 1251 3855 vere3
1299 3792 1395 3846 sed
1438 3792 1525 3847 nbi
1571 3790 1722 3845 huius
1754 3790 1901 3845 vocis
1928 3789 2133 3859 aliquod
2174 3790 2406 3859 quamvis
2435 3790 2554 3844 leve
2585 3787 2750 3844 vesti-

196 3887 332 3954 gium
367 3887 421 3939 in
441 3886 719 3940 codicibus
755 3884 1048 3939 invenitur?
1115 3884 1308 3937 Videor
1356 3884 1476 3937 mihi
1522 3883 1767 3937 medelam
1800 3883 2090 3948 invenisse,
2135 3900 2233 3952 qua
2266 3880 2749 3944 omnibus-*difficul-

195 3979 381 4031 tatibus
423 3996 689 4032 occursum
742 3978 805 4029 iri
858 3994 1034 4047 spero,
1087 3977 1136 4028 si
1179 3976 1443 4030 scribitur:
1495 3995 1592 4029 nec
1616 3985 1801 4035 ‚anum
1845 3979 1912 4028 de
1954 3975 2194 4045 popuLO
2244 3950 2597 4038 Laetum.
2630 3971 2755 4024 VT!
2794 3977 2807 3989 “

1496 4261 2054 4316 ΒΜἎΔΔΝᾺ
2080 4313 2093 4316 ..
2186 4310 2189 4313 -
2209 4305 2236 4316 Α,

2921 899 2928 959 1
